<?xml version="1.0" encoding="UTF-8"?>
<!DOCTYPE html PUBLIC "-//W3C//DTD XHTML 1.0 Transitional//EN"
    "http://www.w3.org/TR/xhtml1/DTD/xhtml1-transitional.dtd">
<html xmlns="http://www.w3.org/1999/xhtml" xml:lang="en" lang="en">
 <head>
  <title>
</title>
<meta http-equiv="Content-Type" content="text/html;charset=utf-8" />
  <meta name='ocr-system' content='tesseract 3.04.00' />
  <meta name='ocr-capabilities' content='ocr_page ocr_carea ocr_par ocr_line ocrx_word'/>
</head>
<body>
  <div class='ocr_page' id='page_1' title='image "./dematrimoniismi00roskgoog_0294.png"; bbox 0 0 2798 4852; ppageno 0'>
   <div class='ocr_carea' id='block_1_1' title="bbox 512 280 748 361">
    <p class='ocr_par' dir='ltr' id='par_1_1' title="bbox 512 280 748 361">
     <span class='ocr_line' id='line_1_1' title="bbox 512 280 748 361; baseline 0 0"><span class='ocrx_word' id='word_1_1' title='bbox 512 280 748 361; x_wconf 53' lang='lat'><strong>-2014</strong></span> 
     </span>
    </p>
   </div>
   <div class='ocr_carea' id='block_1_2' title="bbox 10 472 1351 566">
    <p class='ocr_par' dir='ltr' id='par_1_2' title="bbox 10 472 1351 566">
     <span class='ocr_line' id='line_1_2' title="bbox 10 472 1351 566; baseline 0.007 -27"><span class='ocrx_word' id='word_1_2' title='bbox 10 518 14 524; x_wconf 93' lang='lat'>-</span> <span class='ocrx_word' id='word_1_3' title='bbox 102 478 433 553; x_wconf 64' lang='lat' dir='ltr'><strong>citramontanam</strong></span> <span class='ocrx_word' id='word_1_4' title='bbox 462 483 563 554; x_wconf 89' lang='lat' dir='ltr'><strong>illius,</strong></span> <span class='ocrx_word' id='word_1_5' title='bbox 591 480 1128 566; x_wconf 88' lang='lat' dir='ltr'><strong>sedEpiscopalissintpotestatis.</strong></span> <span class='ocrx_word' id='word_1_6' title='bbox 1156 481 1188 545; x_wconf 88' lang='lat' dir='ltr'><strong>Si</strong></span> <span class='ocrx_word' id='word_1_7' title='bbox 1248 472 1263 565; x_wconf 44' lang='grc' dir='ltr'><strong>,ᾖ</strong></span> <span class='ocrx_word' id='word_1_8' title='bbox 1348 542 1351 549; x_wconf 94' lang='grc'><em>,</em></span> 
     </span>
    </p>
   </div>
   <div class='ocr_carea' id='block_1_3' title="bbox 10 582 1189 673">
    <p class='ocr_par' dir='ltr' id='par_1_3' title="bbox 10 582 1189 673">
     <span class='ocr_line' id='line_1_3' title="bbox 10 582 1189 673; baseline 0.01 -33"><span class='ocrx_word' id='word_1_9' title='bbox 10 626 12 630; x_wconf 88' lang='grc'><em>.</em></span> <span class='ocrx_word' id='word_1_10' title='bbox 106 582 164 646; x_wconf 87' lang='lat' dir='ltr'><strong>tales</strong></span> <span class='ocrx_word' id='word_1_11' title='bbox 178 591 210 651; x_wconf 91' lang='lat' dir='ltr'><strong>ad</strong></span> <span class='ocrx_word' id='word_1_12' title='bbox 232 590 467 654; x_wconf 84' lang='lat' dir='ltr'><strong>confessionem</strong></span> <span class='ocrx_word' id='word_1_13' title='bbox 497 589 669 663; x_wconf 69' lang='lat' dir='ltr'><strong>accedenti,</strong></span> <span class='ocrx_word' id='word_1_14' title='bbox 694 592 884 670; x_wconf 85' lang='lat' dir='ltr'><strong>parataseis</strong></span> <span class='ocrx_word' id='word_1_15' title='bbox 910 590 1058 673; x_wconf 83' lang='lat' dir='ltr'><strong>praebeat</strong></span> <span class='ocrx_word' id='word_1_16' title='bbox 1074 608 1167 653; x_wconf 89' lang='lat' dir='ltr'><strong>aures</strong></span> <span class='ocrx_word' id='word_1_17' title='bbox 1180 618 1189 673; x_wconf 83' lang='lat'><em>3</em></span> 
     </span>
    </p>
   </div>
   <div class='ocr_carea' id='block_1_4' title="bbox 108 690 1334 780">
    <p class='ocr_par' dir='ltr' id='par_1_4' title="bbox 108 690 1334 780">
     <span class='ocr_line' id='line_1_4' title="bbox 108 690 1334 780; baseline 0.006 -25"><span class='ocrx_word' id='word_1_18' title='bbox 108 709 156 755; x_wconf 87' lang='lat' dir='ltr'><strong>cun</strong></span> <span class='ocrx_word' id='word_1_19' title='bbox 169 699 327 761; x_wconf 84' lang='lat' dir='ltr'><strong>conversio</strong></span> <span class='ocrx_word' id='word_1_20' title='bbox 352 699 526 777; x_wconf 87' lang='lat' dir='ltr'><strong>peccatoris</strong></span> <span class='ocrx_word' id='word_1_21' title='bbox 544 715 623 780; x_wconf 93' lang='lat' dir='ltr'><strong>opus</strong></span> <span class='ocrx_word' id='word_1_22' title='bbox 649 697 688 759; x_wconf 92' lang='lat' dir='ltr'><strong>sit</strong></span> <span class='ocrx_word' id='word_1_23' title='bbox 707 698 830 759; x_wconf 88' lang='lat' dir='ltr'><strong>divinae</strong></span> <span class='ocrx_word' id='word_1_24' title='bbox 848 696 969 779; x_wconf 83' lang='lat' dir='ltr'><strong>gratiae</strong></span> <span class='ocrx_word' id='word_1_25' title='bbox 988 703 1018 759; x_wconf 88' lang='lat' dir='ltr'><strong>et</strong></span> <span class='ocrx_word' id='word_1_26' title='bbox 1043 702 1189 780; x_wconf 89' lang='lat' dir='ltr'><strong>propriae</strong></span> <span class='ocrx_word' id='word_1_27' title='bbox 1293 714 1298 725; x_wconf 90' lang='grc'><strong><em>·</em></strong></span> <span class='ocrx_word' id='word_1_28' title='bbox 1330 690 1334 699; x_wconf 83' lang='grc'><strong>’</strong></span> 
     </span>
    </p>
   </div>
   <div class='ocr_carea' id='block_1_5' title="bbox 108 790 1190 888">
    <p class='ocr_par' dir='ltr' id='par_1_5' title="bbox 108 790 1190 888">
     <span class='ocr_line' id='line_1_5' title="bbox 108 790 1190 888; baseline 0.01 -29"><span class='ocrx_word' id='word_1_29' title='bbox 108 790 210 867; x_wconf 82' lang='lat' dir='ltr'><strong>cuiusvis</strong></span> <span class='ocrx_word' id='word_1_30' title='bbox 224 806 445 887; x_wconf 87' lang='lat' dir='ltr'><strong>poenitentiae.</strong></span> <span class='ocrx_word' id='word_1_31' title='bbox 472 804 589 878; x_wconf 82' lang='lat' dir='ltr'><strong>Quodsi</strong></span> <span class='ocrx_word' id='word_1_32' title='bbox 607 791 729 868; x_wconf 86' lang='lat' dir='ltr'><strong>monitis</strong></span> <span class='ocrx_word' id='word_1_33' title='bbox 747 805 985 880; x_wconf 76' lang='lat' dir='ltr'>obsecundare,</span> <span class='ocrx_word' id='word_1_34' title='bbox 1023 814 1054 868; x_wconf 91' lang='lat' dir='ltr'><strong>ct</strong></span> <span class='ocrx_word' id='word_1_35' title='bbox 1074 808 1190 888; x_wconf 90' lang='lat' dir='ltr'><strong>resipi-</strong></span> 
     </span>
    </p>
   </div>
   <div class='ocr_carea' id='block_1_6' title="bbox 52 898 1298 1211">
    <p class='ocr_par' dir='ltr' id='par_1_6' title="bbox 52 898 1298 1211">
     <span class='ocr_line' id='line_1_6' title="bbox 52 898 1298 995; baseline 0.006 -27"><span class='ocrx_word' id='word_1_36' title='bbox 52 900 56 905; x_wconf 86' lang='grc'><strong>’</strong></span> <span class='ocrx_word' id='word_1_37' title='bbox 106 912 511 992; x_wconf 83' lang='lat' dir='ltr'><strong>scerenoluerint,procedat</strong></span> <span class='ocrx_word' id='word_1_38' title='bbox 527 912 566 975; x_wconf 89' lang='lat' dir='ltr'><strong>dc</strong></span> <span class='ocrx_word' id='word_1_39' title='bbox 591 912 713 995; x_wconf 90' lang='lat' dir='ltr'><strong>reliquo</strong></span> <span class='ocrx_word' id='word_1_40' title='bbox 739 915 824 977; x_wconf 88' lang='lat' dir='ltr'><strong>iuxta</strong></span> <span class='ocrx_word' id='word_1_41' title='bbox 851 914 1022 976; x_wconf 79' lang='lat' dir='ltr'><strong>doctrinam</strong></span> <span class='ocrx_word' id='word_1_42' title='bbox 1045 912 1188 994; x_wconf 90' lang='lat' dir='ltr'><strong>discipli·</strong></span> <span class='ocrx_word' id='word_1_43' title='bbox 1275 898 1298 949; x_wconf 64' lang='lat' dir='ltr'><strong><em>J</em></strong></span> 
     </span>
     <span class='ocr_line' id='line_1_7' title="bbox 107 1018 1296 1104; baseline 0.005 -27"><span class='ocrx_word' id='word_1_44' title='bbox 107 1035 205 1101; x_wconf 84' lang='lat' dir='ltr'><strong>namque</strong></span> <span class='ocrx_word' id='word_1_45' title='bbox 221 1018 402 1098; x_wconf 79' lang='lat' dir='ltr'><strong>Ecclesiae,</strong></span> <span class='ocrx_word' id='word_1_46' title='bbox 418 1037 454 1081; x_wconf 90' lang='lat' dir='ltr'><strong>ac</strong></span> <span class='ocrx_word' id='word_1_47' title='bbox 470 1019 598 1102; x_wconf 80' lang='lat' dir='ltr'><strong>regulas</strong></span> <span class='ocrx_word' id='word_1_48' title='bbox 615 1020 645 1086; x_wconf 90' lang='lat' dir='ltr'><strong>S.</strong></span> <span class='ocrx_word' id='word_1_49' title='bbox 660 1019 860 1104; x_wconf 83' lang='lat' dir='ltr'><strong>Theologiae.</strong></span> <span class='ocrx_word' id='word_1_50' title='bbox 877 1020 936 1083; x_wconf 85' lang='lat' dir='ltr'><strong>Ast</strong></span> <span class='ocrx_word' id='word_1_51' title='bbox 953 1021 1074 1104; x_wconf 83' lang='lat' dir='ltr'><strong>plurimi</strong></span> <span class='ocrx_word' id='word_1_52' title='bbox 1087 1019 1190 1085; x_wconf 89' lang='lat' dir='ltr'><strong>talium</strong></span> <span class='ocrx_word' id='word_1_53' title='bbox 1256 1070 1260 1081; x_wconf 87' lang='lat'><strong>.</strong></span> <span class='ocrx_word' id='word_1_54' title='bbox 1286 1048 1296 1073; x_wconf 78' lang='lat'><strong>·=</strong></span> 
     </span>
     <span class='ocr_line' id='line_1_8' title="bbox 106 1125 1285 1211; baseline 0.006 -27"><span class='ocrx_word' id='word_1_55' title='bbox 106 1125 227 1190; x_wconf 83' lang='lat' dir='ltr'><strong>intractu</strong></span> <span class='ocrx_word' id='word_1_56' title='bbox 252 1127 402 1211; x_wconf 87' lang='lat' dir='ltr'><strong>temporis</strong></span> <span class='ocrx_word' id='word_1_57' title='bbox 429 1135 531 1190; x_wconf 89' lang='lat' dir='ltr'><strong>tamen</strong></span> <span class='ocrx_word' id='word_1_58' title='bbox 556 1129 756 1208; x_wconf 91' lang='lat' dir='ltr'><strong>resipiscunt.</strong></span> <span class='ocrx_word' id='word_1_59' title='bbox 783 1128 939 1209; x_wconf 88' lang='lat' dir='ltr'><strong>Respectu</strong></span> <span class='ocrx_word' id='word_1_60' title='bbox 963 1129 1085 1192; x_wconf 88' lang='lat' dir='ltr'><strong>illorum</strong></span> <span class='ocrx_word' id='word_1_61' title='bbox 1110 1129 1190 1191; x_wconf 93' lang='lat' dir='ltr'><strong>haec</strong></span> <span class='ocrx_word' id='word_1_62' title='bbox 1282 1168 1285 1175; x_wconf 88' lang='lat'>·</span> 
     </span>
    </p>
   </div>
   <div class='ocr_carea' id='block_1_7' title="bbox 10 1232 1295 2177">
    <p class='ocr_par' dir='ltr' id='par_1_7' title="bbox 10 1232 1295 1965">
     <span class='ocr_line' id='line_1_9' title="bbox 51 1232 1190 1314; baseline 0.004 -22"><span class='ocrx_word' id='word_1_63' title='bbox 51 1244 57 1277; x_wconf 68' lang='lat' dir='ltr'><strong>t</strong></span> <span class='ocrx_word' id='word_1_64' title='bbox 105 1232 426 1298; x_wconf 80' lang='lat' dir='ltr'><strong>observanda:.sciticet</strong></span> <span class='ocrx_word' id='word_1_65' title='bbox 442 1235 468 1296; x_wconf 90' lang='lat' dir='ltr'><strong>si</strong></span> <span class='ocrx_word' id='word_1_66' title='bbox 487 1233 711 1297; x_wconf 79' lang='lat' dir='ltr'><strong>Confessarius</strong></span> <span class='ocrx_word' id='word_1_67' title='bbox 729 1237 760 1297; x_wconf 93' lang='lat' dir='ltr'><strong>in</strong></span> <span class='ocrx_word' id='word_1_68' title='bbox 777 1241 848 1298; x_wconf 91' lang='lat' dir='ltr'><strong>actu</strong></span> <span class='ocrx_word' id='word_1_69' title='bbox 864 1235 962 1314; x_wconf 87' lang='lat' dir='ltr'><strong>ipsius</strong></span> <span class='ocrx_word' id='word_1_70' title='bbox 981 1235 1190 1299; x_wconf 84' lang='lat' dir='ltr'><strong>confessionis</strong></span> 
     </span>
     <span class='ocr_line' id='line_1_10' title="bbox 11 1341 1236 1414; baseline 0.01 -15"><span class='ocrx_word' id='word_1_71' title='bbox 11 1342 14 1347; x_wconf 85' lang='lat'>&#39;</span> <span class='ocrx_word' id='word_1_72' title='bbox 105 1341 291 1407; x_wconf 68' lang='lat' dir='ltr'><strong>certitudinem</strong></span> <span class='ocrx_word' id='word_1_73' title='bbox 316 1345 515 1406; x_wconf 87' lang='lat' dir='ltr'><strong>nanciscatur</strong></span> <span class='ocrx_word' id='word_1_74' title='bbox 539 1342 707 1414; x_wconf 88' lang='lat' dir='ltr'><strong>moralem,</strong></span> <span class='ocrx_word' id='word_1_75' title='bbox 734 1342 773 1403; x_wconf 91' lang='lat' dir='ltr'><strong>de</strong></span> <span class='ocrx_word' id='word_1_76' title='bbox 789 1360 864 1404; x_wconf 91' lang='lat' dir='ltr'><strong>vere</strong></span> <span class='ocrx_word' id='word_1_77' title='bbox 881 1360 918 1403; x_wconf 93' lang='lat' dir='ltr'><strong>ao</strong></span> <span class='ocrx_word' id='word_1_78' title='bbox 936 1343 1062 1405; x_wconf 89' lang='lat' dir='ltr'><strong>sincera</strong></span> <span class='ocrx_word' id='word_1_79' title='bbox 1078 1344 1190 1407; x_wconf 91' lang='lat' dir='ltr'><strong>huius·</strong></span> <span class='ocrx_word' id='word_1_80' title='bbox 1233 1405 1236 1411; x_wconf 91' lang='lat'><strong>.</strong></span> 
     </span>
     <span class='ocr_line' id='line_1_11' title="bbox 104 1448 1189 1527; baseline 0.006 -21"><span class='ocrx_word' id='word_1_81' title='bbox 104 1449 161 1512; x_wconf 79' lang='lat' dir='ltr'><strong>ticli</strong></span> <span class='ocrx_word' id='word_1_82' title='bbox 183 1449 326 1514; x_wconf 85' lang='lat' dir='ltr'><strong>catholici</strong></span> <span class='ocrx_word' id='word_1_83' title='bbox 352 1452 582 1527; x_wconf 89' lang='lat' dir='ltr'><strong>conversione,</strong></span> <span class='ocrx_word' id='word_1_84' title='bbox 607 1448 677 1513; x_wconf 86' lang='lat' dir='ltr'><strong>durn</strong></span> <span class='ocrx_word' id='word_1_85' title='bbox 695 1449 819 1513; x_wconf 92' lang='lat' dir='ltr'><strong>scilicet</strong></span> <span class='ocrx_word' id='word_1_86' title='bbox 847 1448 923 1525; x_wconf 79' lang='lat' dir='ltr'><strong>„illc</strong></span> <span class='ocrx_word' id='word_1_87' title='bbox 950 1449 1189 1524; x_wconf 85' lang='lat' dir='ltr'><strong>demonstrabit,</strong></span> 
     </span>
     <span class='ocr_line' id='line_1_12' title="bbox 10 1544 1189 1639; baseline 0.005 -25"><span class='ocrx_word' id='word_1_88' title='bbox 10 1555 14 1596; x_wconf 92' lang='lat'><strong>-&#39;</strong></span> <span class='ocrx_word' id='word_1_89' title='bbox 57 1544 61 1557; x_wconf 87' lang='lat'>&#39;</span> <span class='ocrx_word' id='word_1_90' title='bbox 104 1556 186 1620; x_wconf 88' lang='lat' dir='ltr'><strong>utimur</strong></span> <span class='ocrx_word' id='word_1_91' title='bbox 202 1559 250 1621; x_wconf 90' lang='lat' dir='ltr'><strong>hic</strong></span> <span class='ocrx_word' id='word_1_92' title='bbox 266 1559 373 1621; x_wconf 88' lang='lat' dir='ltr'><strong>verbis</strong></span> <span class='ocrx_word' id='word_1_93' title='bbox 389 1557 458 1638; x_wconf 90' lang='lat' dir='ltr'><strong>piac</strong></span> <span class='ocrx_word' id='word_1_94' title='bbox 476 1561 641 1620; x_wconf 83' lang='lat' dir='ltr'><strong>memoriae</strong></span> <span class='ocrx_word' id='word_1_95' title='bbox 658 1557 756 1637; x_wconf 86' lang='lat' dir='ltr'><strong>Papae</strong></span> <span class='ocrx_word' id='word_1_96' title='bbox 773 1557 816 1621; x_wconf 90' lang='lat' dir='ltr'><strong>Pii</strong></span> <span class='ocrx_word' id='word_1_97' title='bbox 833 1556 881 1620; x_wconf 91' lang='lat' dir='ltr'><strong>vt.</strong></span> <span class='ocrx_word' id='word_1_98' title='bbox 899 1560 930 1620; x_wconf 92' lang='lat' dir='ltr'><strong>in</strong></span> <span class='ocrx_word' id='word_1_99' title='bbox 956 1557 1120 1639; x_wconf 85' lang='lat' dir='ltr'><strong>Rescripta</strong></span> <span class='ocrx_word' id='word_1_100' title='bbox 1139 1558 1189 1621; x_wconf 91' lang='lat' dir='ltr'><strong>die</strong></span> 
     </span>
     <span class='ocr_line' id='line_1_13' title="bbox 106 1661 1188 1748; baseline 0.004 -26.593"><span class='ocrx_word' id='word_1_101' title='bbox 106 1661 137 1723; x_wconf 76' lang='lat'><strong>13.</strong></span> <span class='ocrx_word' id='word_1_102' title='bbox 154 1663 204 1728; x_wconf 90' lang='lat' dir='ltr'><strong>lul.</strong></span> <span class='ocrx_word' id='word_1_103' title='bbox 234 1664 329 1727; x_wconf 74' lang='lat'><strong>1782.</strong></span> <span class='ocrx_word' id='word_1_104' title='bbox 357 1664 395 1728; x_wconf 94' lang='lat' dir='ltr'><strong>ad</strong></span> <span class='ocrx_word' id='word_1_105' title='bbox 420 1664 614 1729; x_wconf 79' lang='lat' dir='ltr'><strong>cardinalem</strong></span> <span class='ocrx_word' id='word_1_106' title='bbox 637 1663 785 1748; x_wconf 83' lang='lat' dir='ltr'><strong>AEppum</strong></span> <span class='ocrx_word' id='word_1_107' title='bbox 811 1663 1068 1729; x_wconf 87' lang='lat' dir='ltr'><strong>blechliniensem</strong></span> <span class='ocrx_word' id='word_1_108' title='bbox 1095 1664 1188 1737; x_wconf 88' lang='lat' dir='ltr'><strong>dato,</strong></span> 
     </span>
     <span class='ocr_line' id='line_1_14' title="bbox 104 1771 1188 1856; baseline 0.003 -26"><span class='ocrx_word' id='word_1_109' title='bbox 104 1773 237 1849; x_wconf 89' lang='lat' dir='ltr'><strong>poenitere</strong></span> <span class='ocrx_word' id='word_1_110' title='bbox 255 1792 290 1835; x_wconf 92' lang='lat' dir='ltr'><strong>se</strong></span> <span class='ocrx_word' id='word_1_111' title='bbox 306 1774 543 1856; x_wconf 88' lang='lat' dir='ltr'><strong>peccaminosae</strong></span> <span class='ocrx_word' id='word_1_112' title='bbox 555 1791 630 1835; x_wconf 89' lang='lat' dir='ltr'><strong>suae</strong></span> <span class='ocrx_word' id='word_1_113' title='bbox 642 1772 883 1846; x_wconf 87' lang='lat' dir='ltr'><strong>coniunctionis,</strong></span> <span class='ocrx_word' id='word_1_114' title='bbox 900 1779 995 1854; x_wconf 88' lang='lat' dir='ltr'><strong>atque</strong></span> <span class='ocrx_word' id='word_1_115' title='bbox 1006 1771 1188 1844; x_wconf 85' lang='lat' dir='ltr'><strong>declarabit,</strong></span> 
     </span>
     <span class='ocr_line' id='line_1_15' title="bbox 59 1856 1295 1965; baseline 0.002 -23"><span class='ocrx_word' id='word_1_116' title='bbox 59 1856 66 1923; x_wconf 58' lang='lat'><strong>&#39;-</strong></span> <span class='ocrx_word' id='word_1_117' title='bbox 97 1868 264 1959; x_wconf 76' lang='lat' dir='ltr'><strong>loquantum</strong></span> <span class='ocrx_word' id='word_1_118' title='bbox 282 1897 408 1942; x_wconf 89' lang='lat' dir='ltr'><strong>suarum</strong></span> <span class='ocrx_word' id='word_1_119' title='bbox 426 1880 485 1942; x_wconf 90' lang='lat' dir='ltr'><strong>erit</strong></span> <span class='ocrx_word' id='word_1_120' title='bbox 509 1881 663 1962; x_wconf 87' lang='lat' dir='ltr'><strong>partium,</strong></span> <span class='ocrx_word' id='word_1_121' title='bbox 689 1888 925 1965; x_wconf 89' lang='lat' dir='ltr'><strong>procuraturum</strong></span> <span class='ocrx_word' id='word_1_122' title='bbox 947 1898 982 1944; x_wconf 91' lang='lat' dir='ltr'><strong>se</strong></span> <span class='ocrx_word' id='word_1_123' title='bbox 1000 1883 1189 1943; x_wconf 88' lang='lat' dir='ltr'><strong>conversio·</strong></span> <span class='ocrx_word' id='word_1_124' title='bbox 1291 1928 1295 1935; x_wconf 78' lang='lat'><em>‚</em></span> 
     </span>
    </p>

    <p class='ocr_par' dir='ltr' id='par_1_8' title="bbox 79 1976 1247 2177">
     <span class='ocr_line' id='line_1_16' title="bbox 79 1976 1247 2070; baseline 0.004 -26"><span class='ocrx_word' id='word_1_125' title='bbox 79 1976 82 1983; x_wconf 47' lang='lat'><strong>⁴</strong></span> <span class='ocrx_word' id='word_1_126' title='bbox 104 2002 152 2048; x_wconf 90' lang='lat' dir='ltr'><strong>nen</strong></span> <span class='ocrx_word' id='word_1_127' title='bbox 165 1989 317 2070; x_wconf 83' lang='lat' dir='ltr'><strong>coniugis,</strong></span> <span class='ocrx_word' id='word_1_128' title='bbox 335 1994 366 2050; x_wconf 90' lang='lat' dir='ltr'><strong>et</strong></span> <span class='ocrx_word' id='word_1_129' title='bbox 382 1995 569 2058; x_wconf 85' lang='lat' dir='ltr'><strong>curaturum,</strong></span> <span class='ocrx_word' id='word_1_130' title='bbox 587 1994 619 2050; x_wconf 91' lang='lat' dir='ltr'><strong>ut</strong></span> <span class='ocrx_word' id='word_1_131' title='bbox 635 1989 740 2067; x_wconf 88' lang='lat' dir='ltr'><strong>proles</strong></span> <span class='ocrx_word' id='word_1_132' title='bbox 757 1989 857 2050; x_wconf 90' lang='lat' dir='ltr'><strong>omnis</strong></span> <span class='ocrx_word' id='word_1_133' title='bbox 874 1986 1057 2051; x_wconf 86' lang='lat' dir='ltr'><strong>rudimentis</strong></span> <span class='ocrx_word' id='word_1_134' title='bbox 1074 1986 1190 2050; x_wconf 85' lang='lat' dir='ltr'><strong>Sacrae</strong></span> <span class='ocrx_word' id='word_1_135' title='bbox 1243 2004 1247 2011; x_wconf 89' lang='lat'>·</span> 
     </span>
     <span class='ocr_line' id='line_1_17' title="bbox 87 2078 1190 2177; baseline 0.005 -28"><span class='ocrx_word' id='word_1_136' title='bbox 87 2078 244 2174; x_wconf 78' lang='lat' dir='ltr'><strong>-&#39;lleligionis</strong></span> <span class='ocrx_word' id='word_1_137' title='bbox 271 2093 449 2158; x_wconf 84' lang='lat' dir='ltr'><strong>Catholicae</strong></span> <span class='ocrx_word' id='word_1_138' title='bbox 476 2093 647 2165; x_wconf 87' lang='lat' dir='ltr'><strong>imbuatur,</strong></span> <span class='ocrx_word' id='word_1_139' title='bbox 673 2101 704 2155; x_wconf 89' lang='lat' dir='ltr'><strong>et</strong></span> <span class='ocrx_word' id='word_1_140' title='bbox 725 2100 940 2177; x_wconf 87' lang='lat' dir='ltr'><strong>reparaturum</strong></span> <span class='ocrx_word' id='word_1_141' title='bbox 958 2112 993 2158; x_wconf 93' lang='lat' dir='ltr'><strong>se</strong></span> <span class='ocrx_word' id='word_1_142' title='bbox 1010 2094 1190 2156; x_wconf 86' lang='lat' dir='ltr'><strong>scandalum</strong></span> 
     </span>
    </p>
   </div>
   <div class='ocr_carea' id='block_1_8' title="bbox 106 2196 1299 2276">
    <p class='ocr_par' dir='ltr' id='par_1_9' title="bbox 106 2196 1299 2276">
     <span class='ocr_line' id='line_1_18' title="bbox 106 2196 1299 2276; baseline 0.003 -17"><span class='ocrx_word' id='word_1_143' title='bbox 106 2196 149 2261; x_wconf 86' lang='lat' dir='ltr'><strong>tilis</strong></span> <span class='ocrx_word' id='word_1_144' title='bbox 161 2201 301 2265; x_wconf 90' lang='lat' dir='ltr'><strong>iidelihus</strong></span> <span class='ocrx_word' id='word_1_145' title='bbox 316 2199 439 2273; x_wconf 79' lang='lat' dir='ltr'><strong>datum3</strong></span> <span class='ocrx_word' id='word_1_146' title='bbox 463 2203 489 2263; x_wconf 92' lang='lat' dir='ltr'><strong>si</strong></span> <span class='ocrx_word' id='word_1_147' title='bbox 507 2200 585 2263; x_wconf 87' lang='lat' dir='ltr'><strong>tales</strong></span> <span class='ocrx_word' id='word_1_148' title='bbox 603 2201 801 2264; x_wconf 89' lang='lat' dir='ltr'><strong>conditiones</strong></span> <span class='ocrx_word' id='word_1_149' title='bbox 819 2209 1029 2276; x_wconf 85' lang='lat' dir='ltr'><strong>concurrant,</strong></span> <span class='ocrx_word' id='word_1_150' title='bbox 1047 2202 1088 2264; x_wconf 91' lang='lat' dir='ltr'><strong>ait</strong></span> <span class='ocrx_word' id='word_1_151' title='bbox 1105 2196 1190 2264; x_wconf 79' lang='lat' dir='ltr'><strong>Pon·</strong></span> <span class='ocrx_word' id='word_1_152' title='bbox 1296 2220 1299 2225; x_wconf 89' lang='lat'>·</span> 
     </span>
    </p>
   </div>
   <div class='ocr_carea' id='block_1_9' title="bbox 10 2290 1291 3142">
    <p class='ocr_par' dir='ltr' id='par_1_10' title="bbox 10 2290 1256 2605">
     <span class='ocr_line' id='line_1_19' title="bbox 25 2290 1256 2395; baseline 0 -25"><span class='ocrx_word' id='word_1_153' title='bbox 25 2348 33 2395; x_wconf 90' lang='lat'><strong>.·</strong></span> <span class='ocrx_word' id='word_1_154' title='bbox 110 2301 170 2381; x_wconf 72' lang='lat' dir='ltr'><strong>liu,</strong></span> <span class='ocrx_word' id='word_1_155' title='bbox 195 2329 258 2373; x_wconf 90' lang='lat' dir='ltr'><strong>non</strong></span> <span class='ocrx_word' id='word_1_156' title='bbox 282 2326 491 2391; x_wconf 81' lang='lat' dir='ltr'><strong>repugnamus</strong></span> <span class='ocrx_word' id='word_1_157' title='bbox 519 2325 598 2385; x_wconf 90' lang='lat' dir='ltr'><strong>nos,</strong></span> <span class='ocrx_word' id='word_1_158' title='bbox 625 2307 787 2389; x_wconf 86' lang='lat' dir='ltr'><strong>quominus</strong></span> <span class='ocrx_word' id='word_1_159' title='bbox 809 2325 882 2390; x_wconf 88' lang='lat' dir='ltr'><strong>pars</strong></span> <span class='ocrx_word' id='word_1_160' title='bbox 901 2307 1055 2371; x_wconf 88' lang='lat' dir='ltr'><strong>catholice</strong></span> <span class='ocrx_word' id='word_1_161' title='bbox 1072 2307 1207 2372; x_wconf 87' lang='lat' dir='ltr'><strong>Sacra--</strong></span> <span class='ocrx_word' id='word_1_162' title='bbox 1252 2290 1256 2349; x_wconf 76' lang='grc' dir='ltr'>Ϊ</span> 
     </span>
     <span class='ocr_line' id='line_1_20' title="bbox 10 2395 872 2494; baseline 0.007 -22"><span class='ocrx_word' id='word_1_163' title='bbox 10 2395 17 2447; x_wconf 57' lang='grc' dir='ltr'><strong>ῑ</strong></span> <span class='ocrx_word' id='word_1_164' title='bbox 60 2412 63 2417; x_wconf 89' lang='grc'><strong>’</strong></span> <span class='ocrx_word' id='word_1_165' title='bbox 112 2400 520 2494; x_wconf 72' lang='lat' dir='ltr'><strong>antarumfiatparticeps.“</strong></span> <span class='ocrx_word' id='word_1_166' title='bbox 867 2428 872 2437; x_wconf 61' lang='lat'>‘</span> 
     </span>
     <span class='ocr_line' id='line_1_21' title="bbox 164 2521 1188 2605; baseline -0.002 -18.098"><span class='ocrx_word' id='word_1_167' title='bbox 164 2523 192 2587; x_wconf 90' lang='lat'><strong>3.</strong></span> <span class='ocrx_word' id='word_1_168' title='bbox 210 2521 287 2586; x_wconf 85' lang='lat' dir='ltr'><strong>Duru</strong></span> <span class='ocrx_word' id='word_1_169' title='bbox 305 2522 344 2584; x_wconf 90' lang='lat' dir='ltr'><strong>ad</strong></span> <span class='ocrx_word' id='word_1_170' title='bbox 361 2521 510 2585; x_wconf 81' lang='lat' dir='ltr'><strong>infirmum</strong></span> <span class='ocrx_word' id='word_1_171' title='bbox 527 2527 659 2587; x_wconf 72' lang='lat' dir='ltr'><strong>&#39;vocatur</strong></span> <span class='ocrx_word' id='word_1_172' title='bbox 684 2521 859 2596; x_wconf 87' lang='lat' dir='ltr'><strong>Sacerdos,</strong></span> <span class='ocrx_word' id='word_1_173' title='bbox 877 2522 1044 2605; x_wconf 86' lang='lat' dir='ltr'><strong>quemlibet</strong></span> <span class='ocrx_word' id='word_1_174' title='bbox 1069 2522 1188 2605; x_wconf 88' lang='lat' dir='ltr'><strong>absquo</strong></span> 
     </span>
    </p>

    <p class='ocr_par' dir='ltr' id='par_1_11' title="bbox 60 2610 1291 3142">
     <span class='ocr_line' id='line_1_22' title="bbox 60 2610 1291 2714; baseline 0.013 -35"><span class='ocrx_word' id='word_1_175' title='bbox 60 2610 71 2711; x_wconf 80' lang='grc' dir='ltr'><strong>ΙῙ</strong></span> <span class='ocrx_word' id='word_1_176' title='bbox 103 2621 143 2687; x_wconf 89' lang='lat' dir='ltr'><strong>ulla</strong></span> <span class='ocrx_word' id='word_1_177' title='bbox 157 2632 343 2714; x_wconf 84' lang='lat' dir='ltr'><strong>exceptione</strong></span> <span class='ocrx_word' id='word_1_178' title='bbox 367 2630 502 2693; x_wconf 85' lang='lat' dir='ltr'><strong>libenter</strong></span> <span class='ocrx_word' id='word_1_179' title='bbox 528 2629 615 2692; x_wconf 86' lang='lat' dir='ltr'><strong>adire</strong></span> <span class='ocrx_word' id='word_1_180' title='bbox 632 2628 743 2707; x_wconf 81' lang='lat' dir='ltr'><strong>debet3</strong></span> <span class='ocrx_word' id='word_1_181' title='bbox 769 2633 961 2693; x_wconf 84' lang='lat' dir='ltr'><strong>astnonnisi</strong></span> <span class='ocrx_word' id='word_1_182' title='bbox 976 2631 1058 2694; x_wconf 91' lang='lat' dir='ltr'><strong>bene</strong></span> <span class='ocrx_word' id='word_1_183' title='bbox 1075 2622 1184 2710; x_wconf 57' lang='lat' dir='ltr'><strong>disposs</strong></span> <span class='ocrx_word' id='word_1_184' title='bbox 1215 2614 1217 2619; x_wconf 30' lang='lat'><strong>³</strong></span> <span class='ocrx_word' id='word_1_185' title='bbox 1288 2617 1291 2628; x_wconf 36' lang='lat'>⁸</span> 
     </span>
     <span class='ocr_line' id='line_1_23' title="bbox 61 2728 1189 2823; baseline 0.009 -33"><span class='ocrx_word' id='word_1_186' title='bbox 61 2736 64 2741; x_wconf 84' lang='lat'>&#39;</span> <span class='ocrx_word' id='word_1_187' title='bbox 100 2728 146 2823; x_wconf 86' lang='lat' dir='ltr'><strong>sitis</strong></span> <span class='ocrx_word' id='word_1_188' title='bbox 168 2737 355 2802; x_wconf 84' lang='lat' dir='ltr'><strong>beneficium</strong></span> <span class='ocrx_word' id='word_1_189' title='bbox 381 2736 586 2801; x_wconf 88' lang='lat' dir='ltr'><strong>absolutionis</strong></span> <span class='ocrx_word' id='word_1_190' title='bbox 603 2737 765 2819; x_wconf 89' lang='lat' dir='ltr'><strong>impertiri.</strong></span> <span class='ocrx_word' id='word_1_191' title='bbox 795 2735 879 2799; x_wconf 88' lang='lat' dir='ltr'><strong>llaec</strong></span> <span class='ocrx_word' id='word_1_192' title='bbox 900 2739 1005 2818; x_wconf 88' lang='lat' dir='ltr'><strong>praxis</strong></span> <span class='ocrx_word' id='word_1_193' title='bbox 1023 2738 1115 2801; x_wconf 90' lang='lat' dir='ltr'><strong>etiam</strong></span> <span class='ocrx_word' id='word_1_194' title='bbox 1132 2755 1189 2800; x_wconf 91' lang='lat' dir='ltr'><strong>re-</strong></span> 
     </span>
     <span class='ocr_line' id='line_1_24' title="bbox 97 2830 1188 2930; baseline -0.005 -16"><span class='ocrx_word' id='word_1_195' title='bbox 97 2830 184 2929; x_wconf 51' lang='lat' dir='ltr'><strong>lltctu</strong></span> <span class='ocrx_word' id='word_1_196' title='bbox 200 2844 431 2930; x_wconf 87' lang='lat' dir='ltr'><strong>praedictorum</strong></span> <span class='ocrx_word' id='word_1_197' title='bbox 449 2844 677 2908; x_wconf 90' lang='lat' dir='ltr'><strong>Catholicorum</strong></span> <span class='ocrx_word' id='word_1_198' title='bbox 694 2843 911 2918; x_wconf 86' lang='lat' dir='ltr'><strong>observanda,</strong></span> <span class='ocrx_word' id='word_1_199' title='bbox 928 2848 981 2927; x_wconf 87' lang='lat' dir='ltr'><strong>qui</strong></span> <span class='ocrx_word' id='word_1_200' title='bbox 998 2845 1102 2909; x_wconf 87' lang='lat' dir='ltr'><strong>mixtis</strong></span> <span class='ocrx_word' id='word_1_201' title='bbox 1119 2865 1188 2909; x_wconf 91' lang='lat' dir='ltr'><strong>ma-</strong></span> 
     </span>
     <span class='ocr_line' id='line_1_25' title="bbox 92 2941 1189 3036; baseline 0.005 -26"><span class='ocrx_word' id='word_1_202' title='bbox 92 2941 226 3017; x_wconf 67' lang='lat' dir='ltr'><strong>ltimoniis</strong></span> <span class='ocrx_word' id='word_1_203' title='bbox 258 2951 373 3015; x_wconf 87' lang='lat' dir='ltr'><strong>addicti</strong></span> <span class='ocrx_word' id='word_1_204' title='bbox 399 2951 587 3016; x_wconf 88' lang='lat' dir='ltr'><strong>videbantur</strong></span> <span class='ocrx_word' id='word_1_205' title='bbox 612 2950 753 3016; x_wconf 88' lang='lat' dir='ltr'><strong>totaliter</strong></span> <span class='ocrx_word' id='word_1_206' title='bbox 779 2971 855 3036; x_wconf 86' lang='lat' dir='ltr'><strong>erga</strong></span> <span class='ocrx_word' id='word_1_207' title='bbox 881 2953 1069 3036; x_wconf 83' lang='lat' dir='ltr'><strong>religionem</strong></span> <span class='ocrx_word' id='word_1_208' title='bbox 1102 2972 1189 3018; x_wconf 90' lang='lat' dir='ltr'><strong>suam</strong></span> 
     </span>
     <span class='ocr_line' id='line_1_26' title="bbox 83 3039 1190 3142; baseline 0.003 -21"><span class='ocrx_word' id='word_1_209' title='bbox 83 3039 293 3127; x_wconf 56' lang='lat' dir='ltr'><strong>,indifferenter</strong></span> <span class='ocrx_word' id='word_1_210' title='bbox 310 3075 344 3120; x_wconf 89' lang='lat' dir='ltr'><strong>sc</strong></span> <span class='ocrx_word' id='word_1_211' title='bbox 361 3068 474 3142; x_wconf 84' lang='lat' dir='ltr'><strong>agere,</strong></span> <span class='ocrx_word' id='word_1_212' title='bbox 501 3060 533 3122; x_wconf 93' lang='lat' dir='ltr'><strong>in</strong></span> <span class='ocrx_word' id='word_1_213' title='bbox 558 3067 700 3122; x_wconf 90' lang='lat' dir='ltr'><strong>extremo</strong></span> <span class='ocrx_word' id='word_1_214' title='bbox 723 3066 825 3123; x_wconf 87' lang='lat' dir='ltr'><strong>autern</strong></span> <span class='ocrx_word' id='word_1_215' title='bbox 842 3078 947 3142; x_wconf 85' lang='lat' dir='ltr'><strong>egone</strong></span> <span class='ocrx_word' id='word_1_216' title='bbox 964 3065 1068 3142; x_wconf 84' lang='lat' dir='ltr'><strong>gratia</strong></span> <span class='ocrx_word' id='word_1_217' title='bbox 1085 3059 1190 3125; x_wconf 84' lang='lat' dir='ltr'><strong>diviua</strong></span> 
     </span>
    </p>
   </div>
   <div class='ocr_carea' id='block_1_10' title="bbox 31 3151 1297 3231">
    <p class='ocr_par' dir='ltr' id='par_1_12' title="bbox 31 3151 1297 3231">
     <span class='ocr_line' id='line_1_27' title="bbox 31 3151 1297 3231; baseline 0.002 -3"><span class='ocrx_word' id='word_1_218' title='bbox 31 3178 36 3185; x_wconf 93' lang='grc'><strong>’</strong></span> <span class='ocrx_word' id='word_1_219' title='bbox 80 3151 171 3231; x_wconf 71' lang='lat' dir='ltr'><strong>udiupj</strong></span> <span class='ocrx_word' id='word_1_220' title='bbox 196 3187 233 3230; x_wconf 92' lang='lat' dir='ltr'><strong>ac</strong></span> <span class='ocrx_word' id='word_1_221' title='bbox 258 3168 420 3230; x_wconf 92' lang='lat' dir='ltr'><strong>illuminati</strong></span> <span class='ocrx_word' id='word_1_222' title='bbox 445 3168 578 3229; x_wconf 90' lang='lat' dir='ltr'><strong>invitant</strong></span> <span class='ocrx_word' id='word_1_223' title='bbox 606 3165 803 3230; x_wconf 87' lang='lat' dir='ltr'><strong>sacerdotem</strong></span> <span class='ocrx_word' id='word_1_224' title='bbox 821 3166 1036 3230; x_wconf 91' lang='lat' dir='ltr'><strong>desiderantes</strong></span> <span class='ocrx_word' id='word_1_225' title='bbox 1052 3166 1119 3231; x_wconf 91' lang='lat' dir='ltr'><strong>Deo</strong></span> <span class='ocrx_word' id='word_1_226' title='bbox 1135 3187 1191 3231; x_wconf 88' lang='lat' dir='ltr'><strong>re·</strong></span> <span class='ocrx_word' id='word_1_227' title='bbox 1290 3167 1297 3175; x_wconf 84' lang='grc'>’</span> 
     </span>
    </p>
   </div>
   <div class='ocr_carea' id='block_1_11' title="bbox 10 3248 1193 3465">
    <p class='ocr_par' dir='ltr' id='par_1_13' title="bbox 10 3248 1193 3465">
     <span class='ocr_line' id='line_1_28' title="bbox 10 3248 1193 3363; baseline 0 -27"><span class='ocrx_word' id='word_1_228' title='bbox 10 3342 13 3351; x_wconf 57' lang='grc'><strong>,</strong></span> <span class='ocrx_word' id='word_1_229' title='bbox 73 3248 236 3353; x_wconf 63' lang='lat' dir='ltr'><strong>ebtteiliari</strong></span> <span class='ocrx_word' id='word_1_230' title='bbox 247 3322 257 3356; x_wconf 92' lang='lat'><strong>,</strong></span> <span class='ocrx_word' id='word_1_231' title='bbox 284 3273 492 3336; x_wconf 77' lang='lat' dir='ltr'><strong>sacramentis</strong></span> <span class='ocrx_word' id='word_1_232' title='bbox 513 3273 623 3336; x_wconf 88' lang='lat' dir='ltr'><strong>muniri</strong></span> <span class='ocrx_word' id='word_1_233' title='bbox 645 3291 682 3334; x_wconf 91' lang='lat' dir='ltr'><strong>ac</strong></span> <span class='ocrx_word' id='word_1_234' title='bbox 695 3275 729 3363; x_wconf 92' lang='lat' dir='ltr'><strong>in</strong></span> <span class='ocrx_word' id='word_1_235' title='bbox 747 3275 816 3336; x_wconf 92' lang='lat' dir='ltr'><strong>sinu</strong></span> <span class='ocrx_word' id='word_1_236' title='bbox 832 3273 994 3337; x_wconf 84' lang='lat' dir='ltr'><strong>Ecclesiae</strong></span> <span class='ocrx_word' id='word_1_237' title='bbox 1012 3273 1193 3337; x_wconf 86' lang='lat' dir='ltr'><strong>Catholicae</strong></span> 
     </span>
     <span class='ocr_line' id='line_1_29' title="bbox 67 3373 1191 3465; baseline 0.028 -54"><span class='ocrx_word' id='word_1_238' title='bbox 67 3373 174 3459; x_wconf 77' lang='lat' dir='ltr'><strong>crucri3</strong></span> <span class='ocrx_word' id='word_1_239' title='bbox 205 3384 351 3465; x_wconf 26' lang='lat' dir='ltr'><strong>,quoniam</strong></span> <span class='ocrx_word' id='word_1_240' title='bbox 377 3382 591 3446; x_wconf 88' lang='lat' dir='ltr'><strong>misericordia</strong></span> <span class='ocrx_word' id='word_1_241' title='bbox 616 3381 674 3444; x_wconf 89' lang='lat' dir='ltr'><strong>Dei</strong></span> <span class='ocrx_word' id='word_1_242' title='bbox 699 3381 797 3444; x_wconf 87' lang='lat' dir='ltr'><strong>maior</strong></span> <span class='ocrx_word' id='word_1_243' title='bbox 816 3389 883 3461; x_wconf 90' lang='lat' dir='ltr'><strong>est,</strong></span> <span class='ocrx_word' id='word_1_244' title='bbox 919 3400 1010 3463; x_wconf 90' lang='lat' dir='ltr'><strong>quam</strong></span> <span class='ocrx_word' id='word_1_245' title='bbox 1034 3383 1191 3445; x_wconf 88' lang='lat' dir='ltr'><strong>hominum</strong></span> 
     </span>
    </p>
   </div>
   <div class='ocr_carea' id='block_1_12' title="bbox 61 3458 1315 3575">
    <p class='ocr_par' dir='ltr' id='par_1_14' title="bbox 61 3458 1315 3575">
     <span class='ocr_line' id='line_1_30' title="bbox 61 3458 1315 3575; baseline 0.002 -23"><span class='ocrx_word' id='word_1_246' title='bbox 61 3458 273 3568; x_wconf 72' lang='lat' dir='ltr'><strong>iniquietes,</strong></span> <span class='ocrx_word' id='word_1_247' title='bbox 291 3496 373 3556; x_wconf 89' lang='lat' dir='ltr'><strong>teste</strong></span> <span class='ocrx_word' id='word_1_248' title='bbox 390 3489 541 3570; x_wconf 90' lang='lat' dir='ltr'><strong>Propheta</strong></span> <span class='ocrx_word' id='word_1_249' title='bbox 567 3488 681 3552; x_wconf 79' lang='lat' dir='ltr'><strong>Erech.</strong></span> <span class='ocrx_word' id='word_1_250' title='bbox 701 3485 753 3564; x_wconf 87' lang='grc'><strong>33,</strong></span> <span class='ocrx_word' id='word_1_251' title='bbox 772 3488 831 3551; x_wconf 81' lang='lat'><strong>12:</strong></span> <span class='ocrx_word' id='word_1_252' title='bbox 858 3487 1003 3573; x_wconf 88' lang='lat' dir='ltr'><strong>Impietas</strong></span> <span class='ocrx_word' id='word_1_253' title='bbox 1028 3491 1112 3569; x_wconf 88' lang='lat' dir='ltr'><strong>impii</strong></span> <span class='ocrx_word' id='word_1_254' title='bbox 1128 3509 1191 3555; x_wconf 94' lang='lat' dir='ltr'><strong>non</strong></span> <span class='ocrx_word' id='word_1_255' title='bbox 1215 3483 1218 3489; x_wconf 76' lang='grc'>’</span> <span class='ocrx_word' id='word_1_256' title='bbox 1297 3504 1315 3575; x_wconf 70' lang='lat' dir='ltr'><em>J</em></span> 
     </span>
    </p>
   </div>
   <div class='ocr_carea' id='block_1_13' title="bbox 48 3583 1262 4332">
    <p class='ocr_par' dir='ltr' id='par_1_15' title="bbox 56 3583 1217 3681">
     <span class='ocr_line' id='line_1_31' title="bbox 56 3583 1217 3681; baseline 0.002 -23"><span class='ocrx_word' id='word_1_257' title='bbox 56 3583 200 3661; x_wconf 65' lang='lat' dir='ltr'><strong>no(tebit</strong></span> <span class='ocrx_word' id='word_1_258' title='bbox 216 3602 266 3676; x_wconf 91' lang='lat' dir='ltr'><strong>ei,</strong></span> <span class='ocrx_word' id='word_1_259' title='bbox 292 3599 321 3660; x_wconf 94' lang='lat' dir='ltr'><strong>in</strong></span> <span class='ocrx_word' id='word_1_260' title='bbox 339 3616 524 3679; x_wconf 87' lang='lat' dir='ltr'><strong>quacunque</strong></span> <span class='ocrx_word' id='word_1_261' title='bbox 543 3598 592 3660; x_wconf 90' lang='lat' dir='ltr'><strong>die</strong></span> <span class='ocrx_word' id='word_1_262' title='bbox 603 3614 776 3660; x_wconf 87' lang='lat' dir='ltr'><strong>conversus</strong></span> <span class='ocrx_word' id='word_1_263' title='bbox 787 3597 897 3676; x_wconf 82' lang='lat' dir='ltr'><strong>luerit3</strong></span> <span class='ocrx_word' id='word_1_264' title='bbox 914 3616 952 3660; x_wconf 91' lang='lat' dir='ltr'><strong>ac</strong></span> <span class='ocrx_word' id='word_1_265' title='bbox 968 3596 998 3660; x_wconf 90' lang='lat' dir='ltr'><strong>S.</strong></span> <span class='ocrx_word' id='word_1_266' title='bbox 1014 3598 1119 3661; x_wconf 90' lang='lat' dir='ltr'><strong>Leone</strong></span> <span class='ocrx_word' id='word_1_267' title='bbox 1135 3598 1192 3681; x_wconf 85' lang='lat' dir='ltr'><strong>Ep.</strong></span> <span class='ocrx_word' id='word_1_268' title='bbox 1215 3614 1217 3619; x_wconf 78' lang='grc'>’</span> 
     </span>
    </p>

    <p class='ocr_par' dir='ltr' id='par_1_16' title="bbox 48 3668 1262 4332">
     <span class='ocr_line' id='line_1_32' title="bbox 53 3668 1262 3788; baseline 0 -21"><span class='ocrx_word' id='word_1_269' title='bbox 53 3668 104 3747; x_wconf 70' lang='lat'><strong>8⁴¹</strong></span> <span class='ocrx_word' id='word_1_270' title='bbox 128 3722 142 3759; x_wconf 72' lang='grc' dir='ltr'><strong>ε</strong></span> <span class='ocrx_word' id='word_1_271' title='bbox 168 3704 290 3785; x_wconf 80' lang='lat' dir='ltr'><strong>„Apud</strong></span> <span class='ocrx_word' id='word_1_272' title='bbox 295 3706 392 3767; x_wconf 90' lang='lat' dir='ltr'><strong>Deum</strong></span> <span class='ocrx_word' id='word_1_273' title='bbox 410 3705 508 3766; x_wconf 92' lang='lat' dir='ltr'><strong>nullas</strong></span> <span class='ocrx_word' id='word_1_274' title='bbox 525 3707 639 3788; x_wconf 85' lang='lat' dir='ltr'><strong>patitur</strong></span> <span class='ocrx_word' id='word_1_275' title='bbox 655 3721 758 3768; x_wconf 91' lang='lat' dir='ltr'><strong>moras</strong></span> <span class='ocrx_word' id='word_1_276' title='bbox 775 3702 850 3768; x_wconf 80' lang='lat' dir='ltr'><strong>vend</strong></span> <span class='ocrx_word' id='word_1_277' title='bbox 865 3708 1048 3778; x_wconf 88' lang='lat' dir='ltr'><strong>conversio,</strong></span> <span class='ocrx_word' id='word_1_278' title='bbox 1066 3704 1191 3767; x_wconf 90' lang='lat' dir='ltr'><strong>dicente</strong></span> <span class='ocrx_word' id='word_1_279' title='bbox 1236 3686 1242 3691; x_wconf 53' lang='grc'><strong>’</strong></span> <span class='ocrx_word' id='word_1_280' title='bbox 1260 3710 1262 3717; x_wconf 86' lang='grc'><em>“</em></span> 
     </span>
     <span class='ocr_line' id='line_1_33' title="bbox 51 3778 1190 3895; baseline 0 -22"><span class='ocrx_word' id='word_1_281' title='bbox 51 3778 193 3876; x_wconf 61' lang='lat' dir='ltr'><strong>Spiritu</strong></span> <span class='ocrx_word' id='word_1_282' title='bbox 211 3811 264 3874; x_wconf 88' lang='lat' dir='ltr'><strong>Dei</strong></span> <span class='ocrx_word' id='word_1_283' title='bbox 282 3830 339 3893; x_wconf 91' lang='lat' dir='ltr'><strong>per</strong></span> <span class='ocrx_word' id='word_1_284' title='bbox 355 3813 558 3892; x_wconf 81' lang='lat' dir='ltr'><strong>Prophetaan,</strong></span> <span class='ocrx_word' id='word_1_285' title='bbox 577 3831 645 3875; x_wconf 92' lang='lat' dir='ltr'><strong>cum</strong></span> <span class='ocrx_word' id='word_1_286' title='bbox 662 3830 837 3876; x_wconf 85' lang='lat' dir='ltr'><strong>conversus</strong></span> <span class='ocrx_word' id='word_1_287' title='bbox 854 3812 1066 3895; x_wconf 84' lang='lat' dir='ltr'><strong>ingemueris,</strong></span> <span class='ocrx_word' id='word_1_288' title='bbox 1085 3811 1190 3874; x_wconf 90' lang='lat' dir='ltr'><strong>salvus</strong></span> 
     </span>
     <span class='ocr_line' id='line_1_34' title="bbox 48 3902 1257 4002; baseline 0.002 -26"><span class='ocrx_word' id='word_1_289' title='bbox 48 3902 174 3992; x_wconf 55' lang='lat'><strong>“58⁶2</strong></span> <span class='ocrx_word' id='word_1_290' title='bbox 200 3929 231 3982; x_wconf 91' lang='lat' dir='ltr'><strong>et</strong></span> <span class='ocrx_word' id='word_1_291' title='bbox 256 3921 327 3983; x_wconf 88' lang='lat' dir='ltr'><strong>durn</strong></span> <span class='ocrx_word' id='word_1_292' title='bbox 354 3938 413 4002; x_wconf 87' lang='lat' dir='ltr'><strong>qua</strong></span> <span class='ocrx_word' id='word_1_293' title='bbox 441 3920 573 3982; x_wconf 89' lang='lat' dir='ltr'><strong>ministri</strong></span> <span class='ocrx_word' id='word_1_294' title='bbox 599 3920 713 3982; x_wconf 88' lang='lat' dir='ltr'><strong>Christi</strong></span> <span class='ocrx_word' id='word_1_295' title='bbox 738 3927 863 4001; x_wconf 88' lang='lat' dir='ltr'><strong>praesto</strong></span> <span class='ocrx_word' id='word_1_296' title='bbox 880 3919 1029 3982; x_wconf 88' lang='lat' dir='ltr'><strong>habemus</strong></span> <span class='ocrx_word' id='word_1_297' title='bbox 1045 3916 1192 3980; x_wconf 84' lang='lat' dir='ltr'><strong>Eiusdem</strong></span> <span class='ocrx_word' id='word_1_298' title='bbox 1253 3979 1257 3986; x_wconf 84' lang='grc'>,</span> 
     </span>
     <span class='ocr_line' id='line_1_35' title="bbox 48 4011 1192 4108; baseline 0.001 -23"><span class='ocrx_word' id='word_1_299' title='bbox 48 4011 270 4107; x_wconf 53' lang='lat' dir='ltr'><strong>exemptum.</strong></span> <span class='ocrx_word' id='word_1_300' title='bbox 298 4027 350 4108; x_wconf 87' lang='lat' dir='ltr'><strong>qul</strong></span> <span class='ocrx_word' id='word_1_301' title='bbox 368 4029 480 4090; x_wconf 91' lang='lat' dir='ltr'><strong>latroni</strong></span> <span class='ocrx_word' id='word_1_302' title='bbox 499 4045 622 4108; x_wconf 89' lang='lat' dir='ltr'><strong>quoque</strong></span> <span class='ocrx_word' id='word_1_303' title='bbox 641 4045 680 4089; x_wconf 89' lang='lat' dir='ltr'><strong>ex</strong></span> <span class='ocrx_word' id='word_1_304' title='bbox 697 4027 792 4089; x_wconf 93' lang='lat' dir='ltr'><strong>corde</strong></span> <span class='ocrx_word' id='word_1_305' title='bbox 810 4026 943 4089; x_wconf 89' lang='lat' dir='ltr'><strong>contrito</strong></span> <span class='ocrx_word' id='word_1_306' title='bbox 956 4025 1097 4088; x_wconf 89' lang='lat' dir='ltr'><strong>remissis</strong></span> <span class='ocrx_word' id='word_1_307' title='bbox 1111 4042 1192 4106; x_wconf 87' lang='lat' dir='ltr'><strong>pec-</strong></span> 
     </span>
     <span class='ocr_line' id='line_1_36' title="bbox 48 4122 1191 4214; baseline 0.002 -17"><span class='ocrx_word' id='word_1_308' title='bbox 48 4122 159 4190; x_wconf 64' lang='lat' dir='ltr'><strong>⁰²¹tis</strong></span> <span class='ocrx_word' id='word_1_309' title='bbox 173 4134 292 4199; x_wconf 87' lang='lat' dir='ltr'><strong>coelum</strong></span> <span class='ocrx_word' id='word_1_310' title='bbox 311 4137 430 4214; x_wconf 90' lang='lat' dir='ltr'><strong>aperuit</strong></span> <span class='ocrx_word' id='word_1_311' title='bbox 448 4135 495 4197; x_wconf 91' lang='lat' dir='ltr'><strong>his</strong></span> <span class='ocrx_word' id='word_1_312' title='bbox 512 4135 635 4198; x_wconf 88' lang='lat' dir='ltr'><strong>verbis:</strong></span> <span class='ocrx_word' id='word_1_313' title='bbox 654 4133 746 4197; x_wconf 92' lang='lat' dir='ltr'><strong>hodie</strong></span> <span class='ocrx_word' id='word_1_314' title='bbox 764 4153 883 4197; x_wconf 89' lang='lat' dir='ltr'><strong>mecum</strong></span> <span class='ocrx_word' id='word_1_315' title='bbox 901 4134 965 4196; x_wconf 88' lang='lat' dir='ltr'><strong>eris</strong></span> <span class='ocrx_word' id='word_1_316' title='bbox 981 4135 1013 4197; x_wconf 92' lang='lat' dir='ltr'><strong>in</strong></span> <span class='ocrx_word' id='word_1_317' title='bbox 1028 4134 1191 4208; x_wconf 89' lang='lat' dir='ltr'><strong>Paradiso‚</strong></span> 
     </span>
     <span class='ocr_line' id='line_1_37' title="bbox 49 4206 1191 4332; baseline 0.004 -29"><span class='ocrx_word' id='word_1_318' title='bbox 49 4206 153 4294; x_wconf 65' lang='lat'>[¹¹¹0-</span> <span class='ocrx_word' id='word_1_319' title='bbox 178 4240 232 4319; x_wconf 87' lang='lat'><strong>23,</strong></span> <span class='ocrx_word' id='word_1_320' title='bbox 250 4240 301 4332; x_wconf 85' lang='grc'><strong>43.</strong></span> <span class='ocrx_word' id='word_1_321' title='bbox 321 4245 409 4321; x_wconf 89' lang='lat' dir='ltr'><strong>proin</strong></span> <span class='ocrx_word' id='word_1_322' title='bbox 428 4252 458 4303; x_wconf 91' lang='lat' dir='ltr'><strong>ct</strong></span> <span class='ocrx_word' id='word_1_323' title='bbox 475 4242 512 4303; x_wconf 91' lang='lat' dir='ltr'><strong>ad</strong></span> <span class='ocrx_word' id='word_1_324' title='bbox 529 4242 704 4307; x_wconf 86' lang='lat' dir='ltr'><strong>huiusmodi</strong></span> <span class='ocrx_word' id='word_1_325' title='bbox 720 4241 871 4305; x_wconf 86' lang='lat' dir='ltr'><strong>infirmum</strong></span> <span class='ocrx_word' id='word_1_326' title='bbox 893 4247 1023 4304; x_wconf 88' lang='lat' dir='ltr'><strong>vocatus</strong></span> <span class='ocrx_word' id='word_1_327' title='bbox 1039 4243 1191 4308; x_wconf 90' lang='lat' dir='ltr'><strong>sacerdos</strong></span> 
     </span>
    </p>
   </div>
   <div class='ocr_carea' id='block_1_14' title="bbox 52 4335 1265 4432">
    <p class='ocr_par' dir='ltr' id='par_1_17' title="bbox 52 4335 1265 4432">
     <span class='ocr_line' id='line_1_38' title="bbox 52 4335 1265 4432; baseline 0.003 -20"><span class='ocrx_word' id='word_1_328' title='bbox 52 4335 148 4398; x_wconf 62' lang='lat'><strong>⁸¹³⁶</strong></span> <span class='ocrx_word' id='word_1_329' title='bbox 174 4351 258 4413; x_wconf 91' lang='lat' dir='ltr'><strong>omni</strong></span> <span class='ocrx_word' id='word_1_330' title='bbox 285 4367 369 4411; x_wconf 89' lang='lat' dir='ltr'><strong>mora</strong></span> <span class='ocrx_word' id='word_1_331' title='bbox 396 4351 596 4432; x_wconf 89' lang='lat' dir='ltr'><strong>properabit,</strong></span> <span class='ocrx_word' id='word_1_332' title='bbox 624 4357 655 4412; x_wconf 91' lang='lat' dir='ltr'><strong>et</strong></span> <span class='ocrx_word' id='word_1_333' title='bbox 671 4349 697 4412; x_wconf 94' lang='lat' dir='ltr'><strong>si</strong></span> <span class='ocrx_word' id='word_1_334' title='bbox 721 4368 795 4412; x_wconf 90' lang='lat' dir='ltr'><strong>vere</strong></span> <span class='ocrx_word' id='word_1_335' title='bbox 812 4350 1024 4430; x_wconf 88' lang='lat' dir='ltr'><strong>poenitentem</strong></span> <span class='ocrx_word' id='word_1_336' title='bbox 1042 4369 1079 4413; x_wconf 91' lang='lat' dir='ltr'><strong>ac</strong></span> <span class='ocrx_word' id='word_1_337' title='bbox 1096 4350 1193 4416; x_wconf 89' lang='lat' dir='ltr'><strong>corde</strong></span> <span class='ocrx_word' id='word_1_338' title='bbox 1263 4391 1265 4396; x_wconf 33' lang='grc' dir='ltr'><em>ι</em></span> 
     </span>
    </p>
   </div>
   <div class='ocr_carea' id='block_1_15' title="bbox 52 4441 1192 4539">
    <p class='ocr_par' dir='ltr' id='par_1_18' title="bbox 52 4441 1192 4539">
     <span class='ocr_line' id='line_1_39' title="bbox 52 4441 1192 4539; baseline 0.004 -24"><span class='ocrx_word' id='word_1_339' title='bbox 52 4441 245 4520; x_wconf 72' lang='lat' dir='ltr'><strong>co&#39;linitum</strong></span> <span class='ocrx_word' id='word_1_340' title='bbox 279 4456 494 4528; x_wconf 80' lang='lat' dir='ltr'><strong>adinvenerit,</strong></span> <span class='ocrx_word' id='word_1_341' title='bbox 528 4458 677 4521; x_wconf 86' lang='lat' dir='ltr'><strong>extremis</strong></span> <span class='ocrx_word' id='word_1_342' title='bbox 704 4458 803 4539; x_wconf 88' lang='lat' dir='ltr'><strong>ipsum</strong></span> <span class='ocrx_word' id='word_1_343' title='bbox 829 4455 1047 4522; x_wconf 42' lang='lat' dir='ltr'><strong>sacramentis*</strong></span> <span class='ocrx_word' id='word_1_344' title='bbox 1065 4459 1192 4533; x_wconf 89' lang='lat' dir='ltr'><strong>muniet,</strong></span> 
     </span>
    </p>
   </div>
   <div class='ocr_carea' id='block_1_16' title="bbox 0 0 1404 4852">
    <p class='ocr_par' dir='ltr' id='par_1_19' title="bbox 0 0 1404 4852">
     <span class='ocr_line' id='line_1_40' title="bbox 0 0 1404 4852; baseline 0 0"><span class='ocrx_word' id='word_1_345' title='bbox 0 0 1404 4852; x_wconf 95' lang='lat' dir='ltr'><strong> </strong></span> 
     </span>
    </p>
   </div>
  </div>
 </body>
</html>
