2798 4852
471 346 476 354 ,
577 309 635 331 ,...
666 236 829 343 aas.-

434 528 669 603 instrumento
684 526 953 606 sacravienses

642 699 740 784 594.

1 918 2 926 χ
129 857 398 937 Repraesentatio
420 859 577 930 Episcopi
596 859 822 918 Cassovieusis
844 864 886 918 ad
899 863 1037 933 Regiam
1052 863 1239 924 Maiestatem

132 950 239 1020 quoad
253 950 552 1005 determinationem
575 949 756 1007 Comitatus
768 942 1034 1022 Abaujvdricnsis
1049 955 1243 1013 defamatus

87 1083 89 1088 .
110 1114 115 1121 .
133 1034 338 1095 matrimonia
349 1041 452 1097 mixta
466 1040 660 1096 benedicere
686 1042 910 1098 recusantibus
923 1043 1052 1112 actione
1067 1043 1173 1101 tiscalt
1186 1061 1244 1104 con·

356 1132 360 1138 '
410 1118 588 1196 ¹verii'endts,
600 1128 652 1185 dd.
667 1131 697 1185 8.
710 1129 882 1187 Decembr.
896 1130 987 1188 istu.

58 1332 61 1337 ¹
200 1239 461 1341 ‘Eahomagiali
487 1261 709 1340 Episcopcrum
737 1260 917 1342 ltnagariac
935 1263 966 1324 iu
983 1263 1126 1327 Comitiis
1152 1238 1243 1346 liegii

7 1394 11 1405 »
64 1385 68 1391 ·
130 1373 400 1457 eorrgregatorum
428 1366 820 1431 MaiestatinaeSSmae
846 1367 896 1428 dd.
917 1368 968 1439 12.
993 1367 1246 1434 tunnacaestir

132 1475 225 1537 tinem
250 1475 414 1554 vergentis
441 1476 615 1536 absentium
643 1492 767 1556 qnoque
793 1474 934 1537 Fratrum
960 1477 1087 1538 nonina
1115 1478 1247 1542 exhibito

134 1581 278 1642 Recursu
289 1579 322 1655 ⁴⁵)
340 1574 527 1665 dignabatur·
540 1581 687 1669 Maiestas
697 1581 766 1644 ‘Vra
784 1581 877 1646 SSma
893 1582 1033 1663 benigue
1060 1583 1244 1666 intelligere:

84 1695 87 1700 ’
135 1705 286 1773 quaenam
304 1705 417 1761 causae
434 1689 644 1773 permoverunt
661 1668 833 1770 Collegium
849 1673 1135 1768 Episcoporum'ad
1152 1698 1247 1754 teneu-

68 1878 70 1883 ⁴
102 1788 114 1855 ζ
134 1791 206 1855 dam
224 1793 336 1862 dehine
353 1795 384 1855 in
402 1789 725 1858 matrimoniis-mixtis
741 1795 824 1857 illam
839 1797 1007 1870 rationem,
1034 1803 1070 1859 ut
1086 1795 1160 1861 duro
1176 1804 1249 1880 parta

14 1928 16 1933 ·
41 1938 51 1957 i.
135 1899 174 1960 ab
191 1917 251 1961 uua
268 1901 374 1979 legum
392 1901 528 1964 civilium
544 1901 652 1965 iisdem
670 1901 907 1984 suffragantium
934 1903 1135 1982 dispositioni
1160 1921 1247 1984 prom

17 1994 23 2000 ’
41 2004 54 2063 ’.
136 2014 200 2068 turn
217 2024 314 2089 porro
333 2026 457 2088 quoquc
473 2014 652 2088 praestatur
669 2010 860 2089 obsequium,
886 2015 974 2088 parte
992 2009 1029 2070 ab
1048 2008 1151 2079 altera
1167 2012 1196 2072 in
1210 2009 1247 2078 iis,

135 2133 216 2195 quac
234 2113 407 2193 spiritualia
425 2123 507 2189 sunt,
524 2116 689 2196 signanter
706 2115 808 2196 quoad
825 2131 939 2195 preces
957 2121 986 2175 ct
1002 2114 1246 2180 benedictionem

42 2258 60 2270 ·-
134 2210 364 2284 sacerdotalem
392 2222 423 2283 in
448 2221 661 2285 celebratione
688 2220 839 2284 eiusmodi
875 2222 1023 2301 connubii
1058 2218 1244 2289 ,adhibendas

63 2380 65 2384 a
100 2308 101 2313 ἵ
119 2326 210 2392 'iliud
227 2331 425 2400 observatur,
443 2329 526 2410 quod
544 2327 630 2390 Fidei
649 2334 679 2391 et
695 2326 857 2390 Ecclesiae
875 2324 1057 2390 Catholicae
1073 2329 1245 2417 probataac
1287 2352 1290 2359 ·

59 2512 64 2518 ῃ
137 2455 194 2516 per
211 2437 424 2516 Apostolicarn
442 2436 553 2501 Sedent
571 2436 700 2497 firmiter
724 2441 921 2515 propugnata
948 2433 1102 2514 orbisque
1120 2432 1248 2497 catholici

29 2535 34 2541 ’
137 2544 335 2623 professione
363 2538 498 2606 stabilita
524 2544 677 2624 principia
704 2542 768 2604 fieri
804 2541 986 2620 (tepescunt.
1021 2541 1077 2604 His
1104 2541 1247 2620 principiis

137 2652 343 2714 consonanter
360 2653 426 2732 ipsc
444 2634 575 2730 (raeque,
593 2659 626 2712 ut
643 2651 734 2711 debui
750 2698 756 2720 ‚
775 2649 844 2728 egi:
871 2649 941 2709 dum
968 2664 1078 2710 sacros
1097 2647 1245 2711 Diocaesis

138 2777 178 2818 ex
203 2760 339 2840 benigna
375 2760 444 2820 btai.
482 2760 563 2820 Vrec
596 2759 707 2821 SSmae
731 2758 899 2819 collatione
933 2755 1145 2818 arroderationi
1177 2770 1246 2815 meae

116 2865 313 2926 'clementer
343 2866 482 2947 creditae
500 2864 650 2928 Curiones
668 2867 804 2936 inviari,
834 2871 866 2924 ut
893 2864 1099 2926 matrimoniis
1144 2860 1248 2944 quiden

23 3024 25 3029 ,
138 2974 259 3043 mixtis,
294 2976 385 3034 etiarn
418 2975 449 3034 in
480 2972 610 3035 Casibus
644 2991 706 3035 non
741 2974 912 3051 praestitae
938 2969 978 3031 de
1004 2966 1247 3032 catholicautri·

138 3096 238 3159 usque
280 3099 375 3169 sexus
416 3080 548 3161 prolium
590 3080 776 3142 educatione
816 3073 961 3159 praeuiae
993 3079 1192 3156 sponsionis,
1218 3072 1247 3133 ad

137 3195 273 3248 ineuntem
306 3186 437 3250 Concilii
454 3184 651 3260 Tridentini,
684 3193 777 3269 atque
812 3186 849 3247 ad
885 3185 1079 3264 exigentiam
1114 3190 1170 3246 art.
1199 3178 1245 3241 25:

55 3356 59 3365 ,
85 3302 102 3331 ³
139 3293 259 3373 libbi.
287 3296 428 3357 instruitis
456 3297 602 3359 assistant
612 3319 620 3371 ;
646 3294 895 3358 benedictionem
922 3294 1066 3367 interim,
1096 3294 1243 3372 quamnec

138 3402 190 3462 lon
216 3402 378 3465 Ecclesiae
404 3403 442 3464 ‹le
470 3409 606 3464 essentia
632 3404 784 3484 requirit,
816 3422 875 3463 uec
902 3401 955 3462 lex
982 3399 1086 3462 civilis
1103 3394 1245 3480 praecipit.
1288 3410 1290 3441 ÷

138 3525 268 3587 quamve
285 3529 359 3590 pars
376 3510 567 3591 Evangelica
584 3508 810 3590 praetendendi
828 3509 874 3570 ius
886 3527 950 3590 non
968 3507 1073 3578 habet,
1093 3504 1244 3581 eademqne
1287 3534 1290 3599 ἑ

58 3696 61 3701 1
140 3634 174 3676 se
192 3616 314 3679 minime
332 3616 476 3698 indigere
493 3617 594 3698 palam
610 3617 785 3698 profitetur,
803 3632 958 3696 quamque
975 3612 1137 3676 catholica
1154 3623 1243 3693 persa·

137 3742 187 3796 na,
204 3723 308 3802 proles
327 3743 399 3787 suas
417 3724 527 3788 alienis
546 3744 561 3785 a
579 3725 640 3785 fide
658 3731 731 3786 vera
743 3725 842 3784 sacris
854 3721 1050 3792 devovendo,
1069 3728 1102 3782 et
1119 3721 1178 3783 hoc
1192 3719 1243 3796 ipsc
1288 3742 1290 3827 p

138 3831 299 3892 doctrinae
317 3848 414 3911 scopo
431 3849 467 3890 ac
485 3833 645 3892 intentioni
657 3825 1029 3909 Ecclesiaeretragando,
1047 3826 1239 3907 praecipuae·
1288 3830 1290 3905 i

86 3916 89 3920 ⁴
140 3957 201 4019 que
226 3936 419 4018 obligationi,
437 3956 495 4017 qua
513 3938 674 3999 Ecclesiae
692 3936 778 3998 Cath.
797 3933 1017 4012 obstringitur,
1053 3950 1119 3994 non
1137 3922 1244 3991 satissa-

140 4043 269 4117 ciendo,
298 4066 334 4108 ac
361 4044 491 4126 proinde
509 4043 546 4103 ad
564 4044 657 4124 digne
676 4038 905 4120 suscipiendum
924 4037 1160 4101 Sacramentum
1176 4029 1241 4096 indi·

139 4154 256 4229 sposita
298 4170 359 4215 non
402 4157 540 4212 meretur
560 4132 573 4221 ζ
619 4152 649 4209 in
694 4147 916 4229 praeexposito
961 4161 1038 4204 casu
1083 4138 1243 4224 impertien-

72 4236 75 4241 ¹
140 4257 208 4320 darn
246 4267 306 4319 tam
339 4278 447 4338 parum
480 4258 642 4321 admittere
666 4259 769 4338 potui,
806 4271 895 4334 quam
926 4269 1037 4332 parurn
1071 4253 1139 4314 iure
1167 4260 1242 4329 prae·

152 4396 185 4401 ,-..
203 4392 347 4401 ,α’-..-

100 4468 104 4475 ’
213 4454 246 4518 Ι”)
266 4456 303 4504 Ci.
319 4455 387 4506 Tora·
400 4458 426 4506 2.
443 4454 508 4504 troii.
521 4455 582 4506 369.
596 4470 654 4522 pag.
672 4453 734 4504 698,
