2798 4852
484 238 856 358 ,ῥ--542-ε·4

129 459 186 524 stri
200 452 315 536 publici
331 414 479 518 scandalo
496 469 554 536 per
571 453 734 518 Pastorem
751 450 840 515 llelv.
852 445 941 516 Coni.
953 450 1155 517 addictorum
1170 452 1242 535 bap-

129 564 218 628 tisari
234 563 373 627 curantis
390 579 429 624 eo
446 558 557 624 maiori
573 556 847 625 animadversione
863 555 992 642 dignum
1008 560 1243 633 invenissemus,

129 668 211 753 quod
226 668 307 734 idem
322 666 374 733 ille
390 666 470 730 Baro
487 665 663 748 Stephanus
687 666 800 731 Daniel
824 666 900 729 loco
923 684 1002 731 suae
1027 661 1194 730 melior'em
1211 668 1244 729 ad

127 777 251 861 frugem
267 770 525 857 resipiscentiae,
551 790 643 856 quam
668 780 740 856 post
764 771 936 837 ordinatam
953 779 1067 838 eontra
1082 774 1173 838 illum
1188 775 1243 847 aab

128 886 159 948 9.
177 883 268 949 Febr.
286 902 315 946 a.
334 900 361 946 o.
378 881 609 961 inquisitionem
625 899 683 964 pro
700 886 787 945 certo
805 880 1030 964 sperabamus,
1059 880 1136 945 illud
1155 881 1245 963 ipson

47 1028 50 1036 ·
128 993 245 1076 factum
270 1008 359 1054 suum
386 989 479 1052 etiam
507 1007 577 1051 oum
603 986 760 1068 sepultura
786 986 920 1052 denatae
947 988 1084 1053 subinde
1111 988 1246 1052 eiusdem

49 1090 53 1097 ’
127 1099 225 1181 prolis
242 1115 319 1163 suae
336 1096 444 1160 maiori
470 1094 573 1159 adhuc
598 1098 775 1160 temeritate
800 1104 831 1159 et
857 1098 1047 1168 contentiva
1068 1097 1162 1179 quasi
1177 1113 1247 1178 qua·

129 1208 197 1270 dam
214 1204 343 1269 audacia
360 1204 602 1277 continuaverit,
619 1221 677 1286 per
688 1203 811 1286 hocque
822 1186 1088 1287 praeconceptam
1104 1202 1246 1286 indigna·

129 1315 245 1377 tionem
262 1317 401 1377 nostram
418 1309 450 1374 C.
464 1309 500 1372 li.
517 1327 582 1374 non
599 1309 700 1375 solum
716 1327 778 1373 non
793 1309 1013 1385 reconciliare,
1030 1311 1174 1393 quinimo
1189 1329 1246 1373 ma·

49 1423 51 1426 ’
127 1423 177 1504 gis
194 1423 354 1503 magisque
373 1435 575 1503 exaggerare
590 1417 765 1482 studuerit:
782 1424 816 1482 ut
834 1417 1033 1483 nihilominus
1051 1426 1117 1483 tam
1135 1421 1168 1508 in
1185 1420 1243 1481 viu·

134 1525 267 1591 dicanda
291 1525 575 1608 praeallegatarum
602 1520 673 1589 beu.
700 1527 735 1589 C.
761 1524 796 1588 lt.
825 1522 1060 1611 ordinationum
1076 1531 1246 1596 nostrarum

129 1634 337 1712 authoritate,
365 1651 455 1714 quam
480 1634 575 1695 etiam
599 1631 810 1720 refroenanda
825 1616 1056 1714 diotiDaronis,
1078 1635 1246 1705 temeritate

129 1742 200 1826 plus
219 1741 406 1811 clementiae
423 1746 553 1820 nostrae
571 1758 661 1820 quam
673 1741 773 1822 rigori
790 1757 849 1820 pro
866 1742 977 1804 merito
992 1741 1150 1805 tribuisse
1165 1739 1245 1804 vide·

129 1867 238 1922 amur,
264 1844 396 1912 eundem
422 1845 455 1907 B.
473 1846 665 1927 Stephanum
683 1844 792 1911 Daniel
815 1849 960 1928 opinioni
976 1854 1107 1911 vestrae
1126 1847 1247 1912 confor-

130 1959 222 2020 miter
239 1974 257 2019 a
274 1954 377 2018 fiscali
395 1955 518 2017 actione
529 1955 789 2037 consectariaque
806 1954 906 2018 eidem
922 1957 1096 2037 promerita
1115 1955 1247 2038 graviori

128 2081 229 2147 poena
245 2080 302 2144 pro
318 2061 369 2125 hic
386 2067 418 2124 et
434 2079 517 2125 nnnc
532 2060 720 2127 absolvimus
737 2061 879 2145 quidem;
902 2080 941 2125 ne
968 2069 1073 2126 tamen
1097 2064 1246 2146 praernis-

108 2184 113 2193 '
130 2190 199 2237 sum
213 2173 310 2254 ipsius
327 2168 527 2252 temerarium
542 2169 655 2234 factum
670 2172 703 2235 in
720 2173 887 2253 pessimam
912 2171 1003 2234 abeat
1032 2168 1245 2255 exemplifica-

14 2278 16 2283 ’
97 2272 98 2278 ’
128 2281 254 2352 tionem,
270 2277 439 2360 pluresque
454 2277 639 2341 temerarios
656 2275 1015 2360 eiusmodlprogeneret
1033 2294 1148 2350 ausus,
1169 2294 1246 2373 men·

129 2385 279 2449 tiouatum
303 2383 336 2446 B.
364 2381 555 2460 Stephanum
581 2380 690 2446 Daniel
715 2371 865 2449 resecatis
889 2383 1008 2463 aureis,
1030 2384 1071 2447 ad
1088 2385 1163 2466 pios
1180 2396 1245 2447 usus

131 2491 352 2556 convertendis
387 2490 558 2552 clementer
596 2491 785 2570 puniendum
821 2509 893 2556 esse
920 2491 1136 2554 decrevimus.
1159 2486 1246 2565 ‚Quot

129 2618 225 2684 porro
243 2597 454 2681 baptisantem
482 2597 642 2660 Pastorem
660 2600 790 2672 attinet,
806 2599 931 2663 ratione
948 2598 1041 2661 huius
1060 2599 1247 2682 depromtan

128 2707 160 2770 ia
176 2706 388 2789 praeallegata
404 2703 624 2770 informatione
643 2706 823 2788 opinionem
840 2714 995 2782 vestram,
1024 2713 1059 2770 ut
1074 2723 1193 2789 nempe
1207 2702 1246 2768 ei·

129 2814 198 2877 dem
215 2815 339 2878 Pastori
356 2813 457 2876 medio
474 2811 765 2893 Superintendentis
777 2812 864 2877 Helv.
882 2810 971 2876 Conf.
994 2810 1196 2877 addictorum
1209 2811 1247 2874 in·
1276 2874 1280 2887 ,

130 2919 359 2983 consideratum
386 2916 445 2982 hoc
469 2920 567 3001 ipsius
592 2920 706 2985 factum
732 2919 770 2983 nd
796 2921 926 2984 aliorum
952 2920 1048 2983 etiam
1078 2920 1246 3003 exemplum

9 3091 15 3106 ,
130 3026 254 3113 publice
279 3044 393 3090 severe
419 3026 646 3110 exprobretur,
670 3045 728 3091 suo
744 3028 816 3092 loco
842 3026 1062 3108 relinquimus.
1101 3029 1241 3092 Vestrum

129 3136 234 3217 itaque
252 3133 401 3200 Gubernii
418 3134 517 3199 nostri
528 3135 618 3217 Regii
635 3135 707 3209 erit,
725 3132 881 3217 benignae
892 3134 1030 3198 isthuius
1044 3133 1245 3200 ordinationis

102 3258 105 3262 ·
131 3250 259 3306 nostrae
286 3243 422 3307 debitum
449 3249 643 3325 quantocyus
678 3258 852 3322 procurare
878 3239 1146 3324 complementum
1172 3238 1245 3304 etde

131 3350 247 3416 effectu
264 3351 355 3416 nobis
372 3351 522 3415 inamisse
539 3351 673 3424 referre,
690 3348 913 3413 desumendum
930 3355 1035 3413 autem
1052 3367 1070 3411 a
1090 3349 1242 3432 saepefato

106 3447 254 3523 'Darone
278 3461 441 3540 pecuniam
463 3458 578 3523 Cassae
594 3458 716 3521 Piorum
742 3454 968 3522 fundationum
995 3457 1113 3522 inferri
1131 3472 1240 3522 curare.

29 3616 33 3621 .
129 3564 240 3628 Datum
257 3565 398 3632 Viennae
416 3565 467 3629 dic
485 3563 630 3629 mutati
649 3561 747 3627 1780.
781 3550 784 3553 ἢ
