2798 4860
479 284 523 303 «-
557 192 713 335 311--1
807 352 812 359 .

332 548 378 634 c)
408 551 637 622 Monumeotu
657 573 703 621 era
722 550 901 622 Heluetia.

573 726 660 822 537.
724 824 727 829 ,
810 718 813 723 ⁴

143 874 262 972 Rituale
281 870 652 987 Romano-Sangallense
665 931 694 970 a.
707 914 797 1005 1849.
811 915 850 970 de
863 918 958 971 matr.
972 915 1095 971 mixtis.

150 1081 238 1156 laod
253 1087 349 1151 mixta
367 1084 560 1173 matrimonia
578 1083 696 1154 attinet,
714 1085 871 1164 parochos
887 1091 1037 1167 perpetuo
1048 1089 1170 1166 oportet
1205 1108 1207 1113 ·
1287 1154 1290 1158 ,

107 1207 136 1252 se
149 1209 300 1255 memores
318 1191 465 1271 antiquae
492 1189 574 1252 illius
591 1190 775 1266 disciplinae
792 1191 829 1252 ad
846 1200 954 1255 nostra
971 1209 1070 1272 usque
1087 1196 1168 1252 tem·
1278 1181 1282 1186 ’

107 1314 165 1361 raa
183 1299 213 1361 S.
233 1296 314 1360 Sede
331 1297 514 1377 Apostolica
539 1297 692 1378 religiose
719 1299 927 1371 observatae,
954 1317 1013 1378 qua
1030 1297 1175 1360 Ecclesia

107 1404 214 1470 tlholica
242 1406 396 1468 eiusmodi
423 1407 571 1485 coniugia
597 1407 679 1475 inter
705 1405 884 1469 Catholioos
911 1414 942 1466 ut
967 1405 1172 1468 Acatholicos

107 1515 241 1576 aesertim
260 1515 299 1576 ob
326 1512 537 1594 perversioris
556 1518 587 1573 et
602 1497 853 1576 indifferentismi
874 1511 1061 1592 periculum,
1088 1511 1172 1593 quod

107 1621 140 1681 rti
162 1619 344 1683 catholicae·
361 1617 566 1699 prolibusque
593 1617 708 1682 exinde
733 1620 892 1696 imminet,
915 1637 1040 1702 semper
1056 1636 1177 1702 repro-

107 1732 130 1790 ta
144 1731 250 1793 habuit
267 1747 304 1789 ac
321 1729 512 1808 reprobavit.
539 1723 648 1790 Omnis
666 1729 763 1809 igitur
780 1715 957 1809 pastoribus
975 1729 1174 1810 suscipienda

107 1836 299 1899 tsollieitudo
324 1835 475 1917 pastorali
500 1835 606 1898 innixa
632 1837 835 1917 prudentiae,
863 1845 895 1898 ut
911 1836 1021 1901 fideles
1042 1844 1073 1901 et
1088 1839 1177 1899 eius·
1274 1906 1277 1913 ,

107 1942 140 2005 di
155 1945 262 2022 sponsi
288 1943 339 2004 vel
357 1959 491 2031 sponsae
508 1941 691 2003 catholicam
709 1941 747 2003 de
765 1924 966 2006 sacramento
986 1943 1176 2007 matrimonii
1301 2016 1304 2026 Ι

107 2058 191 2119 leant,
202 2048 394 2123 doctrinam,
413 2055 444 2109 et
461 2047 499 2108 ad
515 2048 686 2133 parendum
703 2048 890 2111 inducantur
907 2048 1069 2113 Ecclesiae
1087 2050 1171 2131 legi·
1250 2030 1252 2035 ¹

107 2175 125 2229 s,
141 2165 294 2239 quatenus
312 2175 329 2218 a
346 2157 459 2219 talibus
477 2156 639 2218 connubiis
657 2159 803 2239 propriae
822 2175 898 2221 suae
916 2157 1025 2219 salutis
1042 2177 1078 2220 ac
1095 2174 1173 2236 pro·
1266 2210 1270 2214 .

107 2282 130 2326 m
145 2283 253 2328 amore
271 2270 382 2344 sponte
398 2263 560 2327 recedant.
586 2261 705 2334 Quodsi
716 2261 870 2325 adhibitis
896 2262 1085 2327 salutaribus
1103 2282 1176 2326 mo·

107 2371 129 2432 is
152 2372 312 2436 Paroohus
340 2371 493 2435 eiusmodi
511 2351 742 2461 matrimonium
757 2369 910 2452 impedire
935 2377 1094 2453 nequeat,
1123 2378 1176 2432 te·
1221 2390 1224 2395 ⁴
1281 2378 1284 2385 '
1311 2386 1314 2397 ’

107 2478 157 2541 uda
186 2481 224 2542 ab
250 2483 319 2562 ipso
346 2481 405 2542 erit
429 2479 541 2561 regula
566 2496 723 2559 sequens:
758 2479 824 2541 Nisi
850 2481 949 2542 omnis
976 2499 993 2540 e
1017 2469 1175 2542 connubio
1215 2476 1218 2481 ’
1292 2506 1295 2515 ·

109 2576 220 2652 oritura
238 2587 510 2669 protes„mascuta
521 2587 611 2651 simul
622 2605 658 2649 ac
669 2586 1015 2669 foeminareligionem
1026 2592 1177 2669 sequatur

107 2692 253 2768 tholicam,
265 2698 296 2757 in
309 2713 408 2774 eaque
426 2693 588 2767 educetur,
606 2696 636 2756 in
653 2693 723 2757 foro
739 2674 904 2757 Ecclesiae
920 2694 1029 2757 illicita
1040 2710 1173 2776 prorsus
1257 2720 1262 2727 ·

107 2802 225 2889 attalia
252 2801 426 2874 connubia,
459 2819 495 2861 ac
521 2799 654 2880 proinde
679 2801 825 2881 parochis
856 2794 1020 2863 catholicis
1047 2786 1173 2863 omuino
1273 2867 1276 2871 ,
1310 2808 1311 2813 ’

107 2922 110 2960 2
137 2909 353 2989 interdictum,
392 2906 453 2969 illis
480 2907 632 2970 assistere
662 2908 712 2969 vel
736 2909 897 2986 impertire
923 2905 1175 2971 benedictionem

107 3015 230 3092 ptialcm.
248 3006 336 3105 Quod
354 3021 528 3077 extremum
546 3023 604 3086 est,
617 3015 760 3076 sialaica
777 3014 809 3075 id
819 3018 992 3095 requiritur
1008 3022 1176 3097 potestate,

107 3123 287 3186 bellantum
304 3122 542 3203 promulgentur
560 3123 591 3182 in
607 3122 690 3185 hunc
709 3108 848 3184 modum:
864 3121 1000 3200 „Notum
1017 3124 1058 3184 sit
1068 3127 1172 3184 omni·

107 3243 117 3285 s
140 3229 187 3292 hie
212 3231 452 3310 praesentibuS,
478 3227 559 3309 quod
584 3228 620 3289 N.
646 3229 681 3293 N.
700 3236 731 3290 et
746 3227 782 3289 N.
799 3229 835 3291 N.
864 3247 903 3290 ex
930 3229 983 3291 tali
1008 3228 1122 3313 familia
1142 3237 1181 3292 et·
1277 3256 1309 3305 '.

107 3337 202 3400 rochia
228 3339 395 3401 intendunt
411 3337 494 3399 inter
521 3354 555 3397 se
573 3327 761 3399 contrahere
783 3336 1036 3399 matrimonium“
1055 3369 1094 3379 —
1112 3355 1172 3425 re-
1260 3378 1262 3385 .

106 3443 135 3502 to
149 3445 300 3508 vocabulo
320 3428 808 3520 „sacramentum“matrimonii.
819 3442 850 3506 Si
862 3460 938 3525 vero
951 3428 1051 3506 omnis
1063 3442 1173 3521 'proles
1274 3464 1277 3469 ’
1318 3478 1320 3485 -

107 3546 217 3632 'iusque
243 3569 339 3612 sexus
374 3568 415 3612 ex
440 3569 478 3612 co
506 3551 701 3613 matrimonio
727 3550 922 3630 procreanda
948 3550 980 3615 in
1006 3530 1173 3634 religionis
1236 3588 1249 3599 ·=
1302 3568 1310 3639 ξ

107 3651 230 3721 tholieae
249 3662 383 3723 veritate
410 3659 536 3721 omnino
562 3658 769 3733 educaretur,
794 3659 933 3731 conditio
960 3657 1049 3723 adest
1075 3675 1173 3738 prae-.
1322 3643 1339 3701 ¹³·

107 3776 147 3824 tua
170 3766 414 3848 dispensationis
442 3765 633 3845 apostolicae
660 3784 715 3847 per
741 3767 874 3831 medium
899 3765 1174 3844 Ordinariiexpe-
1259 3824 1261 3829 ,
1297 3752 1317 3815 ἶ-

107 3866 190 3947 ldae,
214 3872 466 3960 quandoquidem
491 3876 672 3953 praemissis
690 3876 874 3954 opportunis
891 3872 1118 3936 hortationibus
1136 3868 1189 3933 ad.
1275 3878 1278 3885 “

112 3991 202 4044 unsos
220 3981 259 4043 de
275 3980 493 4061 impedimento
512 3988 543 4043 et
558 3981 707 4063 periculo&
718 3981 851 4044 huiusce
867 3980 1072 4053 matrimonii,
1098 3988 1179 4043 1111-Ι

109 4089 314 4170 aequaeuam
340 4090 377 4150 ab
405 4089 548 4167 Ecclesia
576 4095 712 4153 statutae
737 4106 849 4168 reapse
867 4108 884 4151 a
901 4087 1041 4169 parocho
1057 4086 1175 4150 fuerint

107 4183 221 4269 hiuttae,
239 4205 303 4259 tum
319 4214 359 4259 ne
377 4195 493 4259 coniux
510 4195 682 4259 catholicus
699 4195 736 4257 ab
754 4184 927 4257 acatholico
944 4195 1095 4273 peruerti,
1112 4211 1173 4256 neo

109 4291 202 4366 libero
219 4284 384 4386 religionis
412 4303 564 4366 exercitio
582 4321 637 4383 pro
655 4321 690 4366 se
707 4291 891 4383 cunctisque
908 4300 1014 4393 liberis
1032 4299 1173 4381 impediri
1227 4320 1230 4333 ·

109 4416 183 4500 sset,
210 4413 283 4493 quin
300 4414 401 4492 potius
419 4411 471 4472 ille
489 4413 590 4475 teneri
606 4429 641 4475 se
659 4394 819 4492 spondeat
829 4407 867 4477 ad
883 4416 1003 4503 partem
1021 4407 1176 4472 acatholi-
1232 4408 1248 4489 'j
1311 4466 1332 4484 „
1351 4476 1353 4481 ,
