2798 4852
401 234 481 285 ²
572 254 815 329 uano-

133 453 238 536 qualis
260 451 305 515 ibi
329 458 363 528 s.
392 451 446 516 ll.
472 412 617 524 notatur,
644 450 838 524 militatem,
864 468 996 532 eamque
1021 449 1062 513 ad
1087 444 1265 515 catholicos
1305 471 1308 477 ·

131 559 397 624 extendendam?
421 565 453 622 ct
479 577 537 639 qua
562 557 647 621 istud
674 575 715 621 ex
740 557 799 618 alia
825 559 951 620 causa?
975 573 1066 637 quam
1092 554 1176 637 quod
1191 555 1265 620 lidei

131 667 221 730 catu.
238 664 439 746 dogmatibus
454 671 633 748 repugnet,
660 663 813 726 talismodi
830 663 945 726 vinculi
963 663 1139 726 nullitatem
1157 679 1266 743 agno·
1371 738 1374 743 Ι

132 774 258 836 scere?
286 780 321 834 ut
348 772 430 835 adeo
456 770 617 835 Ecclesiae
643 772 731 833 Gntlr.
758 772 888 832 ministri
904 773 1019 850 stringi
1046 778 1203 851 nequeant
1225 767 1266 831 ad

132 879 291 959 agendum
310 885 426 968 contra
451 880 615 959 religionis
647 894 723 940 suae
755 876 906 957 principia
931 894 989 956 per
1015 878 1178 941 articulum
1206 897 1266 962 pro
1349 943 1353 949 ,

131 980 341 1049 fundamento
356 985 523 1047 habentem
541 983 946 1064 religionumdlllereutium
958 985 1176 1061 tolerantiam
1193 1003 1265 1048 ma-

131 1091 251 1154 nifeste
267 1091 347 1155 adeo
362 1091 436 1154 hnic
454 1093 512 1170 ipsi
538 1091 672 1153 articulo
699 1092 889 1152 contrarium
915 1098 1014 1172 agunt
1031 1098 1063 1153 et
1079 1097 1259 1172 expectant,
1317 1089 1322 1099 “

133 1203 189 1282 qui
207 1216 265 1263 seu
289 1198 439 1279 impedire
459 1197 590 1270 volunt,
616 1216 657 1259 ne
674 1197 844 1267 doccatur,
870 1196 1041 1259 nvdlitatem
1066 1195 1184 1261 vinculi
1209 1187 1286 1259 cali
1310 1278 1313 1283 ‚

133 1308 294 1368 sententia
310 1313 462 1367 assertam
479 1320 661 1384 repugnare
678 1304 758 1366 cath.
775 1302 847 1366 {idei
857 1322 867 1379 ;
889 1321 949 1366 seu
966 1304 996 1367 id
1014 1310 1182 1382 expectant
1198 1328 1214 1382 ‚·
1232 1312 1267 1367 ut
1377 1351 1381 1357 -

132 1409 247 1494 Eppius·
260 1411 416 1474 talismodi
432 1410 547 1474 vinculi
565 1411 926 1491 nullitatem‘cgnoscam
943 1426 1074 1490 eamque
1091 1410 1131 1472 ad
1147 1410 1275 1476 catho-r

133 1521 216 1583 licos
228 1519 524 1599 extendi-patiatur.
551 1549 594 1562 -
610 1517 701 1590 Ouod
719 1518 757 1579 ad
774 1516 905 1598 Regiam
922 1517 961 1580 de
988 1521 1134 1583 censuris
1150 1519 1263 1583 eccla-

135 1626 277 1689 sinsticis
292 1626 521 1688 resolutionem
538 1618 666 1689 attinet:
687 1641 755 1686 mea
772 1618 887 1704 agendi
903 1628 984 1689 ratio
1001 1624 1074 1688 huic
1085 1624 1261 1689 nullatenus

135 1732 346 1809 adversatum
381 1750 485 1812 neque
513 1732 596 1794 enim
622 1730 682 1792 ulla
708 1732 758 1793 hio
786 1731 903 1794 coeles.
930 1751 1066 1796 censura
1093 1733 1177 1795 illata
1203 1739 1268 1804 cst.
1359 1788 1363 1793 .

109 1859 111 1863 ·
136 1841 194 1902 sed
213 1858 253 1900 ne
270 1839 405 1901 alienam
422 1841 507 1901 iuxta
518 1837 590 1900 lidei
606 1839 687 1900 cath.
705 1815 817 1920 dogma
830 1856 961 1903 uxorem
971 1845 1117 1918 patenter
1127 1846 1159 1902 et
1170 1840 1270 1904 obilc-
1311 1852 1316 1859 “

135 1954 222 2009 arato
239 1947 341 2008 animo
368 1945 511 2007 retinens
539 1944 606 2015 vir,
633 1962 755 2026 suoque
782 1945 842 2008 hoc
866 1947 1267 2009 habitusacramentoru'm

136 2053 236 2136 digne
252 2050 650 2132 recipiendorum-incapax
667 2054 865 2115 sanctissime
882 2053 1058 2130 Religionis
1069 2059 1269 2115 sacramenta

134 2142 328 2235 temeraret,
355 2175 398 2219 cx
423 2157 520 2220 divini
546 2158 623 2219 inris
641 2159 1068 2245 praescriptopraecautum
1094 2164 1163 2234 est3
1188 2174 1270 2220 cen·
1317 2162 1325 2173 ⁸
1351 2165 1356 2214 ·,

134 2283 280 2330 mnarum
306 2267 422 2346 quippe
448 2262 566 2325 eccles.
592 2279 669 2325 usus
696 2265 819 2327 arbitrii
845 2273 879 2326 et
903 2266 981 2327 iuris
998 2271 1046 2324 est
1071 2265 1213 2336 hannani,
1231 2282 1269 2327 ac
1372 2338 1381 2349 κ

134 2381 305 2458 propterea
325 2374 420 2437 etiam
438 2388 508 2433 cum
525 2370 594 2433 iure
610 2377 744 2450 possunt
760 2370 880 2448 inferri,
896 2370 1058 2433 rarissime
1075 2379 1179 2433 tamen
1190 2378 1263 2434 sunt

133 2477 345 2556 inserendae3
370 2477 600 2540 ast-manifesto
617 2478 751 2558 incapax
766 2485 799 2539 et
822 2477 1028 2559 indispositus
1055 2495 1117 2540 non
1138 2478 1252 2543 hanan
1327 2536 1332 2555 -.
1394 2563 1397 2570 Ι

130 2695 286 2779 cepimus
302 2694 404 2756 areeri
422 2693 537 2765 debet,
562 2695 601 2755 iis
619 2695 806 2774 praesertim
821 2711 929 2757 rerum
945 2700 1184 2776 temporumque
1202 2692 1264 2754 ad·

132 2804 271 2875 iunctis,
302 2802 413 2883 quibus
438 2799 511 2862 fidei
537 2801 617 2862 cath.
645 2801 759 2881 dogma
785 2807 841 2863 aut·
860 2789 1026 2863 obscurari
1043 2806 1096 2863 aut
1112 2800 1263 2863 maculari
1321 2800 1333 2806 ”“

131 2912 247 2994 possit.
270 2908 369 2970 Nemo
395 2915 462 2980 est,
487 2910 540 2989 qui
565 2924 767 2996 cognoscere
794 2924 858 2996 non
891 2909 1024 2990 possita
1055 2908 1087 2970 id
1113 2925 1185 2971 esse
1202 2907 1275 2971 cath

131 3017 209 3081 fidei
236 3017 370 3099 dogma:
402 3015 517 3079 nullius
544 3014 670 3078 omnino
695 3012 885 3079 matrimonii
913 3015 1074 3079 vinculum
1101 3032 1142 3076 ex
1166 3014 1266 3077 divini

129 3104 443 3206 iurispraescripto
477 3121 608 3185 dissolvi
639 3138 754 3203 posse,
788 3123 933 3203 exceptis
960 3122 1083 3184 dnobus
1109 3113 1264 3183 duntaxat
1318 3184 1345 3195 4,

132 3233 281 3296 casibus:
307 3230 446 3312 suscepti
463 3230 584 3292 scilicet
600 3228 765 3309 baptismi,
791 3228 862 3291 dum
887 3244 962 3308 pars
991 3229 1088 3290 altera
1106 3231 1137 3290 in
1154 3228 1270 3293 inlide-¹
1365 3302 1369 3313 ¹

131 3340 227 3402 litate
243 3344 395 3400 monetet
412 3339 478 3417 ipsa
496 3320 648 3410 discedit3
674 3343 713 3396 et
730 3335 870 3397 solennis
894 3337 925 3398 in
942 3335 1098 3415 religione
1116 3353 1156 3418 en
1172 3343 1263 3417 parte

133 3446 231 3509 unius
249 3447 415 3526 coniugum
442 3443 651 3524 professionis
673 3449 743 3524 post
769 3445 998 3506 unatrimonium
1023 3442 1149 3523 quidem
1164 3448 1267 3506 ratum
1372 3494 1374 3498 .

135 3552 197 3617 sed
224 3551 364 3614 nondum
389 3557 644 3612 consummatum.
669 3550 819 3630 Quisquis
836 3568 915 3631 ergo
932 3551 1105 3614 catholicus
1116 3552 1282 3632 exceptis.

129 3661 189 3724 llis
208 3658 329 3722 duobus
346 3661 472 3721 casibus
496 3656 589 3720 alteri
615 3664 739 3738 nuptam
758 3664 790 3719 et
807 3658 1144 3740 legitimoaliquando
1161 3660 1272 3720 matri·
1303 3640 1318 3741 J
1371 3700 1379 3744 -1

135 3770 248 3832 monio
265 3765 441 3849 copulatam
457 3767 594 3854 retinet,
611 3766 743 3846 alienam
758 3783 889 3829 uxorem
907 3767 1079 3829 secundum
1094 3767 1176 3828 cath.
1194 3742 1269 3830 iidfsi

136 3868 256 3959 dogma
266 3878 404 3938 retinere
416 3876 614 3951 agnoscitur5
631 3881 738 3956 potest
749 3872 871 3954 quidem
885 3871 990 3956 lippus
1003 3892 1073 3936 eum
1084 3874 1122 3933 ab
1134 3873 1272 3935 omnium

137 3981 279 4046 lidelinm
296 3973 513 4047 communione
531 4001 549 4044 e
567 3984 673 4044 causis
690 3981 904 4061 probabilibus
922 3998 986 4045 non
1003 3995 1170 4044 removere
1180 3996 1189 4053 ;
1206 3977 1264 4040 sed
1331 4016 1336 4026 ·
1364 4026 1369 4034 .

137 4108 205 4156 non
220 4096 329 4173 potest
347 4106 410 4153 non
436 4107 554 4172 agere,
581 4108 621 4153 nc
637 4089 804 4151 homosuo
822 4088 882 4150 hoc
899 4087 1009 4148 habitu
1030 4085 1199 4147 manifeste
1215 4086 1268 4147 in-

136 4216 242 4281 capax
259 4205 292 4260 et
308 4197 532 4279 indispositus‚
558 4203 806 4265 aeramentorum
833 4195 991 4276 particeps
1016 4210 1075 4273 per
1091 4191 1195 4254 sevel
1210 4210 1269 4275 per
1294 4248 1297 4252 .

138 4320 216 4371 suos
233 4305 400 4368 reddatur.
426 4302 465 4367 Et
491 4306 518 4367 si
536 4312 594 4365 art.
622 4284 685 4366 26:
714 4302 809 4364 1791.
837 4302 876 4364 ad
902 4297 1206 4380 talismodi‚'qualis
1231 4299 1285 4374 ion
1327 4358 1329 4365 ,

139 4415 372 4495 praemittitur,
415 4414 531 4476 vinculi
574 4412 745 4475 nullitatcm
779 4408 1038 4493 agnoscendam,
1070 4423 1209 4492 eamque.
1235 4403 1274 4466 ad
