2798 4852
571 248 628 330 .·..
657 212 742 365 544
763 299 829 385 ·.·,

83 502 86 517 ,
131 471 192 544 tur,
209 465 390 532 reversales
407 454 464 547 pro
480 466 586 529 futuro
603 465 827 551 abolebantur,
852 464 951 526 verbo
974 463 1074 525 mixta
1091 461 1246 525 matrimo-

129 572 182 638 nia
199 575 367 655 catholico,
384 594 474 656 qoem
491 574 641 636 hactenus
659 571 927 654 praeseferebant
958 572 1146 633 charactere
1162 571 1248 649 peni·

96 729 106 737 .-
131 690 179 747 tus
197 690 292 746 exuta
309 690 390 746 sunt.
489 751 492 755 A
628 694 629 697 ’
1110 757 1113 761 .

219 789 350 856 Externi
366 792 396 854 hi
415 807 514 869 aeque
531 809 568 851 ac
583 790 699 851 interni
715 795 847 853 eventus
854 774 1063 871 attentionem
1075 786 1251 850 Praesulunr

130 899 312 979 Hungeriae
329 916 392 961 non
409 903 555 979 poterant
572 912 633 959 non
651 898 791 959 excitare
803 892 819 956 :'
836 898 887 976 qui
913 913 985 958 mox
1011 901 1250 976 perspexerunt.

130 1005 252 1067 sublato
269 1004 439 1085 praeallata
458 1006 581 1067 ratione
598 1002 1061 1085 principiorumcatholicorum
1072 1009 1251 1066 sustentan-

131 1108 239 1175 dorum
256 1110 368 1185 fulcro,
386 1112 572 1188 necessario
589 1111 627 1174 ad
644 1109 814 1192 sphaeram
832 1109 999 1173 activitatis
1015 1108 1252 1202 ecclesiasticae

132 1218 337 1293 redeundum,
355 1222 386 1282 in
404 1218 496 1302 idque
514 1217 735 1282 connitendum
753 1237 836 1296 esse,
854 1225 888 1281 ιιι
904 1210 1131 1301 ριιιθιιιιιάειιι
1150 1218 1190 1280 ab
1200 1237 1252 1281 una

44 1406 46 1413 y
113 1328 116 1332 ’
134 1324 186 1387 lex
203 1326 304 1388 civilis
322 1325 469 1389 inviolata
487 1325 647 1407 persistat,
665 1333 754 1407 parte
771 1332 874 1388 tamen
886 1325 924 1387 ab
936 1323 995 1387 alia
1012 1327 1044 1389 in
1064 1325 1252 1389 rebus-mere

135 1433 348 1517 spiritualibus
366 1440 397 1496 el
409 1433 649 1508 ecclesiasticis,
668 1440 778 1514 utpote
790 1435 873 1496 circa
884 1429 1143 1522 benedictionem
1160 1431 1252 1497 alios·

135 1556 194 1622 que
211 1540 290 1602 ritus
307 1559 405 1621 penes
423 1534 730 1606 mixta'matrimonia
748 1540 942 1605 adhibendos
959 1540 1126 1604 Ecclesiae
1142 1540 1255 1621 princi·

133 1652 194 1728 pia,
212 1655 339 1725 statuta,
358 1656 388 1710 et
402 1650 491 1731 leges
509 1651 729 1714 observentur.
756 1649 844 1712 Hane
862 1647 1095 1719 suamfirmam·
1107 1648 1254 1714 intentio·

134 1773 204 1818 nem
221 1756 387 1819 Praesules
404 1755 506 1819 medio
524 1759 585 1820 mei
601 1759 661 1821 iam
678 1757 707 1819 iu
726 1757 869 1821 Comitiis
886 1775 912 1820 a.
934 1753 1031 1819 1839.
1058 1760 1091 1820 in
1110 1755 1254 1821 sessione

134 1861 225 1925 buius
249 1862 384 1926 Tabulae
411 1865 439 1925 d.
458 1863 510 1927 30.
529 1866 694 1928 Deccmbr.
720 1865 821 1950 palam
847 1863 1113 1940 declararunt.*)
1140 1865 1254 1928 Duran-

134 1971 216 2032 tibus
233 1977 335 2034 tamen
353 1971 522 2054 praedictis
540 1972 680 2038 Comiliis
697 1951 737 2036 ea
762 1974 879 2055 causis
899 1972 992 2037 iacile.
1004 1973 1205 2055 augurandis
1220 1971 1254 2035 uit

43 2091 46 2097 ·
127 2077 195 2141 'boc
213 2078 244 2140 in
262 2079 371 2142 merito
389 2078 643 2145 constituendum
661 2081 836 2150 censebant
846 2102 855 2159 ;
880 2096 936 2162 spe
961 2098 1089 2163 quoque
1106 2082 1253 2146 teneban-

94 2200 98 2207 ·
137 2192 206 2260 tor,
224 2185 312 2265 lore,
330 2194 364 2250 ut
380 2189 432 2249 lox
451 2189 624 2253 relationes
640 2189 863 2272 religionarias
888 2190 1000 2253 civium
1016 2188 1191 2254 delinitura
1207 2188 1254 2281 sub

23 2306 39 2362 ,·
136 2291 246 2356 iisdem
265 2292 364 2357 adime
381 2296 518 2359 Comitii's
536 2305 676 2380 rogetur.
703 2298 841 2375 Consiliis
853 2280 975 2361 interim
993 2298 1118 2380 absque
1137 2303 1254 2380 sperata

26 2480 30 2487 ι
134 2398 209 2480 lege
226 2396 393 2477 contunsis
410 2401 556 2482 Episcopi
566 2410 686 2491 tantiam
698 2404 870 2485 interhaec
886 2401 947 2467 duo
963 2404 1088 2486 eligere
1099 2410 1254 2487 poterant:

135 2506 184 2568 vel
203 2508 270 2568 sine
288 2507 348 2569 ulla
368 2505 575 2589 dispositione
593 2511 771 2589 relinquere
789 2511 896 2574 iideles
910 2510 1113 2575 admioimum
1133 2520 1254 2595 quatuor

47 2662 54 2669 ..
136 2616 234 2688 annis,
253 2615 352 2678 donce
370 2618 491 2680 seilicet
510 2635 632 2680 rursum
651 2618 756 2680 Diaeta
776 2627 920 2701 cogatur,
937 2627 969 2681 ct
987 2621 1026 2682 dc
1046 2621 1122 2702 lege
1135 2619 1254 2686 ferenda

135 2720 325 2786 deliberetur
336 2746 344 2800 ;
370 2727 418 2786 vel
437 2727 467 2786 in
486 2726 705 2788 conformitate
726 2727 892 2790 doctrinae
909 2726 1072 2791 Ecclesiae
1084 2730 1254 2793 Catholicae

90 2898 93 2903 Δ
137 2837 167 2890 oi
184 2834 395 2893 consensione
411 2826 517 2912 legum
535 2837 654 2913 piatriae
667 2834 794 2896 eosdem
807 2835 916 2897 uitales
928 2838 1101 2909 instruere,
1122 2856 1253 2922 congru·

138 2954 237 3016 asqnc
256 2937 351 3000 edcrc
370 2939 595 3002 ordinationes.
623 2943 754 3003 Primum
774 2940 849 3023 eligi
868 2943 1048 3006 nullatcnus
1067 2950 1190 3026 potuit,
1207 2945 1255 3008 nisi

134 3043 308 3106 voluissent
325 3044 424 3129 Regni
443 3046 608 3110 Praesoles
625 3052 655 3111 in
674 3051 861 3131 quaestione
878 3057 950 3114 turre
967 3053 1027 3114 iam
1040 3054 1109 3115 lore
1127 3053 1253 3135 peruni-

31 3165 36 3169 ·
136 3169 258 3214 versam
272 3150 427 3232 Europam
446 3154 551 3217 decisa
569 3156 694 3237 plenmu
713 3140 870 3222 silentium
889 3160 1082 3234 observare,
1112 3163 1219 3244 sicque
1240 3179 1253 3221 a

134 3264 200 3320 tota
216 3259 359 3322 Ecclesia
378 3261 536 3324 Catlrolica
565 3272 664 3328 semet
691 3265 867 3347 separando
895 3267 1075 3333 schismatis
1104 3269 1254 3337 funestum

132 3361 286 3445 praebere
305 3369 501 3448 exeiriplum3
529 3391 626 3453 quare
644 3375 777 3437 alterum
795 3375 950 3449 electum,
979 3382 1010 3437 et
1030 3384 1106 3440 nota
1126 3378 1253 3443 Praesu-

133 3470 195 3532 lum
212 3472 380 3554 Enoycliea
394 3477 447 3559 ‘die
464 3479 493 3540 2.
511 3480 583 3542 Julii
604 3480 696 3545 1840.
715 3483 752 3545 ad
770 3483 936 3546 animarum
950 3492 1125 3550 curatores
1139 3487 1253 3550 dimissa

135 3586 194 3640 est.
219 3579 332 3661 Magna
360 3584 391 3644 in
417 3585 507 3647 liuius
535 3588 770 3653 elucubratione
797 3591 977 3655 sollicitudo
1005 3595 1036 3655 in
1059 3593 1091 3658 id
1110 3610 1253 3658 conversa

134 3686 211 3760 tuit,
239 3695 270 3749 ιιι
287 3689 377 3753 delur
394 3693 523 3759 Caesari
542 3694 624 3775 qttod
651 3704 699 3758 est
716 3698 869 3772 Caesaris,
893 3706 924 3761 et
940 3700 1008 3764 Deo
1027 3704 1115 3782 quod
1133 3703 1190 3766 Dei
1206 3707 1253 3766 est.

30 3878 34 3885 .
134 3793 316 3860 Ordinatum
343 3819 454 3883 nempe
482 3810 547 3863 cst:
572 3811 604 3864 ιιι
630 3805 808 3870 lierrcdietio
836 3813 867 3869 et
895 3810 974 3871 ritus
1003 3814 1090 3875 sacri
1109 3821 1252 3895 tamquam

134 3905 224 3984 signa
242 3906 477 3988 approbationis
495 3917 524 3971 et
540 3912 782 3977 confirmationis
794 3915 957 3980 Ecclesiae
975 3920 1192 3985 matrimoniis
1203 3920 1250 3983 iliis

133 4012 238 4074 mixtis
256 4032 448 4096 nequaquam
467 4018 691 4099 impendantur,
710 4041 788 4103 quiae
808 4042 877 4086 cum
895 4016 1005 4107 stopo,
1025 4029 1209 4101 intentione,
1227 4030 1249 4087 et

133 4115 257 4198 legibus
274 4119 438 4185 Ecclesiae
454 4134 616 4208 pugnant3
642 4137 672 4190 at
690 4131 779 4194 simul
797 4131 980 4213 dispositum
1006 4132 1092 4209 suit,
1128 4143 1161 4202 ut
1184 4135 1248 4218 legis

135 4223 233 4287 civilis
249 4228 424 4308 postulatis,
452 4231 646 4312 inquantum
665 4239 741 4301 baec
760 4240 839 4302 intra
858 4239 971 4304 limites
989 4260 1069 4307 suac
1089 4243 1243 4309 activitatis

134 4363 399 4389 ''um—n·-

205 4448 237 4513 ¹¹³)
252 4452 308 4509 Vid.
331 4458 396 4510 Tora.
414 4466 437 4513 2.
451 4462 517 4516 Mon.
535 4467 594 4518 368.
607 4485 666 4538 pap·
679 4472 740 4523 697·
