2798 4852
504 282 754 361 -aer..-
820 397 844 413 .,

52 480 193 569 proinde
219 496 316 544 sensu
342 479 452 547 horum
478 481 559 546 idem
586 482 713 547 Divinus
743 483 893 550 Servator
918 485 1082 553 Ecclesiae
1111 494 1189 557 aso

59 586 209 651 fundatae
235 589 358 652 Petrum
383 591 566 671 Apostolum
593 599 747 674 tamquam
773 593 872 677 Caput
897 578 1110 688 praefecerit,
1137 606 1190 678 ut,

57 704 207 759 monente
224 698 359 778 quodam
377 697 406 760 S.
421 699 529 762 Patre.
553 703 655 777 capite
672 697 840 779 constituto
858 703 1040 767 schismatis
1059 707 1186 768 tollatur

60 806 208 866 occasio·
200 805 375 887 ,huicque
392 803 554 869 Ecclesiae
572 807 670 888 Capiti
695 807 815 887 plenam
843 811 987 873 tribuerit
1005 818 1189 892 potestatem
1209 831 1213 842 ·

59 911 99 973 ad
124 909 294 973 Ecclesiam
322 912 579 992 gubernandam;
614 911 683 975 dum
710 930 805 995 porro
832 916 918 977 iuxta
944 915 1129 1012 earumdem
1152 908 1192 980 S.

21 1079 22 1082 ,
60 999 289 1097 Scripturarum
308 1020 516 1081 testimonium
534 1025 734 1098 praereptum
753 1020 897 1098 Apostoli
917 1004 967 1084 est
984 1023 1022 1084 ad
1039 1005 1187 1106 pastores

20 1154 23 1158 ⁴
59 1126 230 1186 an'merum
256 1124 424 1187 directum:
459 1127 601 1206 „pascite
628 1129 679 1207 qui
708 1147 739 1189 m
758 1128 847 1190 votus
866 1135 914 1190 est
938 1147 1069 1212 gregem
1086 1131 1186 1208 Dei“;

13 1282 16 1288 .
59 1231 133 1295 dum
151 1229 294 1311 Episcopi
313 1250 328 1292 a
347 1234 460 1314 Spiritu
475 1233 504 1296 S.
518 1234 610 1316 positi
629 1234 774 1295 dicuntur
789 1253 907 1316 regere
924 1237 1096 1304 Ecclesiam
1113 1239 1184 1312 Dei,

57 1354 151 1416 quam
178 1339 343 1417 acquisivit
379 1341 532 1422 sangvine
566 1357 642 1408 suo,
676 1337 784 1400 fideles
811 1348 914 1403 autern
946 1344 1187 1410 eoinvtanrur:

26 1530 33 1540 '
58 1442 208 1521 „obedite
233 1447 418 1527 praepositis
446 1449 581 1519 vestris,
609 1453 640 1507 et
658 1448 819 1509 subiacete
841 1448 909 1526 eis,
933 1450 992 1529 ipsi
1013 1453 1094 1514 enim
1111 1470 1189 1532 per-

37 1551 208 1656 'pigilanb
235 1552 323 1630 quasi
339 1553 493 1615 rationem
510 1552 665 1638 reddituri
679 1571 737 1634 pro
758 1555 925 1617 animabus
943 1560 1100 1634 vestris‘?;
1118 1558 1190 1623 dum

58 1658 196 1740 denique
212 1659 251 1721 ad
277 1678 381 1723 casum
408 1659 582 1722 conflictus
609 1659 714 1741 legum
740 1661 943 1725 humanarum
971 1682 1038 1725 cum
1064 1664 1189 1749 legibus

56 1766 173 1828 divinis
207 1774 238 1828 et
269 1766 430 1840 Ecclesiae
464 1766 595 1829 salutem
627 1770 808 1829 animarum
842 1771 1129 1846 concernentibus,
1160 1769 1190 1831 S.

56 1870 141 1936 Petri
176 1874 318 1955 Apostoli
356 1881 529 1956 praecepto
562 1872 772 1936 conformiter
809 1874 1017 1937 obediendum
1051 1883 1098 1938 est
1123 1875 1190 1938 Deo

56 1983 159 2062 magis
177 1995 267 2060 quarn
284 1982 481 2053 hominibus,
514 1983 719 2064 inpraesenti
744 1987 850 2043 autern
872 1983 1061 2063 quaestione
1079 1982 1189 2044 deler-

56 2087 187 2151 minctio
220 2088 423 2152 Comitatuum
455 2089 619 2152 manifeste
651 2096 769 2171 pugnat
801 2097 861 2151 tam
899 2107 969 2151 curn
1000 2088 1073 2168 lege
1107 2088 1184 2153 Deir

58 2195 191 2272 „docete
208 2211 315 2258 omnes
333 2204 448 2278 gentes
467 2213 597 2258 servare
625 2198 727 2257 omnia
752 2214 831 2276 quae
850 2195 992 2258 mandavi
1012 2196 1116 2266 vobis,
1130 2198 1188 2277 qui

59 2301 246 2374 crediderit,
265 2303 369 2366 salvus
397 2308 471 2378 erit,
500 2306 551 2385 qui
568 2321 647 2385 vero
665 2319 726 2364 non
743 2303 934 2375 crediderit,
961 2301 1189 2364 condemnabi-

21 2400 29 2414 “
58 2402 143 2482 tur“,⁴
160 2429 248 2490 quam
266 2429 334 2473 cum
360 2411 486 2492 legibus
515 2410 678 2472 Ecclesiae
704 2411 796 2473 unice
814 2412 928 2473 bonum
956 2411 1076 2471 animae
1095 2411 1190 2499 spiri7

58 2517 142 2581 luale
159 2502 446 2591 concernentibus,
465 2521 576 2600 quippe
596 2517 941 2596 administrari'sacros
959 2515 1039 2579 ritus
1057 2516 1119 2591 tis,
1137 2515 1189 2596 qui

57 2628 178 2709 indigni
197 2635 287 2700 sunt,
305 2627 566 2709 prohibentibus:
584 2627 653 2701 bis,
672 2626 816 2707 inquam,
836 2628 876 2688 ita
894 2622 1056 2696 stantibus,
1074 2621 1191 2697 iudicet

58 2727 211 2816 quisque,
241 2752 279 2794 an
306 2734 344 2797 de
370 2733 535 2817 Episcopis
559 2731 762 2816 Hungariae‚
789 2732 1045 2810 constitutionem
1073 2729 1190 2793 Summi

56 2841 233 2918 Pontificis,
266 2841 438 2904 'Ecclesiae
474 2839 588 2922 Capitis
624 2841 707 2903 circa
741 2839 865 2905 modurn
897 2836 1066 2922 assistendi
1097 2843 1188 2898 matr.

59 2950 162 3012 mixtis
191 2949 302 3010 editam
319 2951 350 3010 in
367 2946 512 3008 ellectum
541 2946 788 3015 deducentibus,
806 2945 868 3007 dici
896 2945 1015 3024 possit:
1043 2959 1119 3017 eos,
1135 2941 1190 3004 in-

59 3048 266 3140 superbabitis
293 3055 400 3137 patriis
428 3054 571 3133 legibus,
611 3071 679 3114 cum
706 3049 792 3113 clara
822 3034 1064 3112 fundamentalis
1088 3048 1190 3128 Regni

59 3163 290 3229 constitutionis
307 3160 447 3224 laesione
464 3159 536 3222 talia
554 3159 770 3240 disposuisse,
800 3174 816 3218 a
835 3156 948 3235 quibus
966 3154 1096 3235 quilibet
1113 3171 1190 3233 spe-

59 3271 152 3335 ctatis
170 3259 175 3321 J
193 3269 369 3349 cumprimis
392 3266 585 3330 'exterarum
626 3266 793 3346 regionum
825 3256 979 3341 exemplis
998 3258 1191 3322 abhorrere
1212 3260 1213 3263 ’

60 3369 180 3442 debet?
205 3376 386 3438 Pastoribus
418 3377 589 3436 animarum
621 3372 702 3433 dieta
735 3377 809 3432 sunt
840 3369 938 3452 ipsius
969 3366 1025 3428 Dei
1056 3355 1188 3428 nomin'e
1280 3381 1282 3386 ·

58 3487 243 3568 sequentia:
279 3484 424 3562 „Clama,
460 3500 499 3544 ne
531 3497 659 3558 cesses,
693 3479 781 3541 eleva
814 3493 927 3558 vocem
964 3481 1066 3550 tuem,
1098 3471 1192 3534 nolite
1240 3556 1242 3559 .

60 3596 172 3657 timere
192 3609 268 3665 eos,
295 3590 347 3672 qui
369 3588 514 3653 occidunt
532 3576 666 3669 eorpus,
703 3587 833 3649 animam
870 3601 947 3645 vero
974 3577 1037 3642 non
1062 3570 1192 3660 possunt

17 3783 20 3787 .
60 3701 229 3772 occidere,
253 3695 309 3761 sed
334 3699 440 3768 timete
465 3716 554 3768 eum,
580 3695 633 3777 qui
659 3700 691 3755 et
707 3709 820 3774 corpus
845 3686 957 3771 potest
982 3687 1142 3769 perdere,
1160 3678 1193 3747 et

60 3807 343 3871 animammittere
368 3807 399 3867 in
426 3805 641 3886 gehennam“;
665 3802 740 3862 item
773 3800 834 3860 hoc
860 3794 1024 3876 Apostoli:
1057 3788 1192 3873 „argue,

59 3916 212 3988 obsecra,
238 3916 364 3996 increpa
389 3913 529 3975 inomni
554 3909 704 3991 patientia
739 3913 770 3969 et
798 3903 1005 3966 doctrina—
1033 3906 1065 3962 tu
1083 3896 1192 3979 vigila,

14 4099 17 4102 Δ
61 4040 140 4104 opus
173 4022 222 4084 fac
250 4019 493 4102 Evangelistee,
536 4016 740 4079 ministerium
767 4017 852 4073 tuum
882 4008 1009 4088 imple.“
1023 4004 1118 4069 Dum
1142 4003 1216 4094 bis:

10 4184 13 4189 .
59 4132 264 4197 conformiter
283 4127 396 4191 clarus
425 4125 636 4189 Catholicus
629 4141 660 4185 m
686 4121 788 4202 capite
824 4121 909 4181 mixt
926 4101 1194 4179 matrimoniorum

60 4239 248 4322 obligationi
274 4253 367 4312 suae,
394 4235 425 4296 in
452 4234 638 4296 obversum
644 4229 783 4310 alioquin
799 4211 1076 4292 indifferentismi,
1095 4214 1194 4282 satis·

62 4347 156 4410 facit:
179 4350 324 4428 potestne
349 4340 388 4404 de
415 4360 458 4405 eo
480 4340 562 4417 diei,
583 4337 770 4420 ipsumhoc
789 4333 995 4410 factosupra
1012 4326 1102 4408 leges
1120 4339 1194 4388 sese
1296 4413 1298 4419 Ι

63 4453 208 4526 eleuare,
224 4450 256 4514 el
273 4449 328 4514 sub
345 4455 511 4532 praetextu
526 4449 606 4511 ritus
622 4441 779 4526 religio
754 4458 781 4503 sr
800 4439 875 4503 talin
889 4437 1099 4508 constituere,
1115 4418 1194 4512 quae
