2798 4852
163 477 224 541 situ
241 475 290 539 sui
315 470 389 538 esse
414 474 553 538 muneris
578 473 714 538 credidit
729 452 1224 558 Regimanaesare'o-llc‘giuma
1242 478 1268 535 ut

164 601 221 668 pro
239 578 400 649 afferendo
418 598 557 664 congruo
579 581 720 645 remedio
737 580 941 665 Apostolicae
958 580 1049 645 Sedis
1067 582 1270 653 auctoritatem

136 704 139 709 ’
164 688 364 773 imploraret,
390 707 464 769 eoa
483 688 655 754 Sanctitate
671 690 794 753 Vestra
803 691 934 775 obtento
951 684 1093 772 benigno
1108 704 1271 768 responso:

124 797 246 878 'quod
264 779 504 860 necessitatibus
529 800 647 862 nostris
672 797 844 862 subvenire
870 794 992 880 quidem
1016 802 1127 887 parata
1143 797 1204 872 sit,
1227 814 1274 878 per

103 911 107 918 '
164 903 292 968 liberam
305 910 413 994 tamen
430 923 498 969 cum
509 906 672 986 Episcopis
683 897 991 968 communicationem
1002 886 1133 986 praevie
1146 902 1187 964 de
1198 899 1274 962 llun·

88 1086 91 1091 γ
167 996 307 1090 gariae‚'
319 1017 562 1092 ceterarumque
580 1011 701 1074 illarum
719 1010 867 1088 ditionum
884 1016 967 1072 stain
984 1016 1015 1072 et
1031 1007 1188 1088 adiunctis
1204 1006 1276 1090 poli-

167 1118 411 1202 tico-religiosis
427 1126 559 1182 exactas
575 1136 692 1198 capere
710 1120 842 1182 notitias
857 1115 1030 1180 desideret.

256 1226 370 1289 Dicere
387 1243 448 1290 non
458 1218 614 1309 possum,
639 1244 729 1307 quam
742 1223 858 1305 cupide
877 1222 1044 1305 arripuerit
1060 1220 1122 1285 Sua
1140 1221 1278 1299 Maiestas

168 1333 254 1398 Sacr.
274 1332 989 1412 oblatamsibibanocontestandaesuceiu'gis
1005 1328 1168 1396 iuSedcm
1178 1327 1278 1428 Apost

170 1441 400 1521 observantiae,
412 1441 841 1524 declarandiqueperpeiui
824 1439 873 1503 sui
888 1430 919 1503 in
930 1437 1091 1502 Ecclesiae
1102 1436 1191 1531 Goth.
1202 1453 1280 1498 com·

82 1564 85 1569 ·
171 1547 260 1611 moda
278 1548 371 1612 studii
389 1551 601 1613 occasionem
623 1550 700 1644 Μοιι
727 1567 802 1611 sane
825 1549 998 1611 clement-er
1018 1547 1110 1609 iussit
1126 1526 1280 1624 provocari

81 1680 84 1688 ·
118 1665 135 1725 J
168 1661 301 1717 cunctos
319 1655 421 1739 Regni
438 1656 619 1739 Hungariae
636 1655 926 1738 praedictorumque
953 1670 1080 1730 suarum
1108 1644 1280 1713 Provincia·

15 1732 18 1736 *
63 1831 72 1840 Η
92 1801 106 1822 .·
169 1778 236 1821 rum
256 1760 541 1845 archiepiscopos·
567 1771 599 1828 ut
615 1764 700 1827 iacto
718 1763 756 1826 ad
772 1764 974 1829 sanctitatem
990 1762 1137 1823 Vestram
1161 1758 1281 1820 recursu

89 1918 93 1926 .
165 1851 262 1930 talem
279 1868 339 1931 sibi
356 1886 494 1934 normam
510 1867 684 1961 praescribi
701 1876 820 1954 petant,
838 1871 965 1952 quaein
983 1865 1195 1930 conciliandis
1211 1865 1281 1926 mix·

172 1975 211 2037 tis
229 1974 416 2040 connubiis
408 1995 548 2058 ipsorum
566 1997 602 2042 ac
619 1979 813 2042 subordinati
830 1978 918 2042 Clari
919 1959 1130 2067 conscientiis
1142 1973 1281 2064 consolat,

172 2078 384 2171 simulantem
411 2080 518 2147 mibie
543 2091 616 2148 voto
644 2087 735 2148 etiam
753 2085 1018 2165 coepiscoporum
1035 2075 1176 2146 meorum
1192 2095 1282 2161 nego·

76 2260 80 2272 ‚
110 2205 115 2214 ¹
172 2189 247 2250 tium
264 2186 341 2253 dare
358 2190 485 2272 dignata
502 2199 568 2256 est:
600 2199 634 2257 ut
660 2192 699 2254 ad
724 2193 833 2255 planam
857 2192 938 2267 banc
954 2190 1069 2254 Urbem
1094 2183 1282 2271 prolecturus

59 2320 83 2368 ῃ
172 2292 335 2361 sanctitati
353 2297 486 2361 Vestrae
498 2306 560 2362 tum
576 2301 663 2381 ipsos
679 2316 828 2363 recursus
839 2297 1006 2363 humillime
1017 2284 1215 2369 exhiberem,
1230 2300 1283 2359 ton

85 2460 88 2465 .
136 2401 140 2408 '
165 2409 287 2466 ¹statum
305 2405 514 2487 adiunctaque
528 2407 722 2474 orthodoxae
738 2387 901 2471 Ecclesiae
918 2407 949 2468 in
966 2403 1130 2486 Hungaria
1153 2410 1185 2466 et
1199 2418 1284 2486 prae·

175 2506 299 2575 attactis
317 2513 488 2592 Provinciis
516 2514 596 2576 ultra
623 2515 801 2578 eorumdem
828 2499 1011 2576 recursuum
1037 2512 1169 2574 tenores
1189 2510 1284 2571 'coram

152 2655 156 2668 ι
174 2617 349 2683 Sanctitate
364 2619 478 2685 Vestra
504 2624 575 2685 viva
604 2622 695 2687 etiam
722 2640 801 2692 voce
819 2622 956 2703 genuine
974 2635 1181 2699 exponerem.
1207 2614 1286 2678 Parni

177 2730 318 2808 angustis
336 2730 440 2809 iussis,
459 2713 495 2792 ac
512 2728 684 2812 peculiaria
701 2727 795 2790 ardua
808 2728 1055 2806 discriminisque
1066 2725 1161 2805 plena
1177 2723 1222 2786 rei
1239 2740 1286 2784 oa-

20 2923 26 2930 ·
101 2853 103 2858 ¹
176 2835 313 2899 thelicae
330 2836 362 2899 in
378 2837 488 2919 Regno
505 2839 689 2917 praesertim
706 2837 886 2918 Hungariae
903 2854 940 2898 ac
963 2832 1103 2916 partibus
1121 2830 1223 2894 eidem
1239 2827 1286 2891 ad-

77 2956 81 2962 ’
152 2974 157 2988 ·
177 2943 268 3004 nexis
285 2941 433 3007 adiuncta
449 2946 615 3009 sanctitati
631 2945 775 3023 Vestrae,
792 2941 1042 3007 Eminentissimo
1054 2942 1129 3003 item
1142 2935 1288 3003 Cardinali

73 3074 90 3095 ‘·
112 3091 116 3101 ‚
152 3045 155 3051 ’
178 3049 282 3114 Status
299 3050 489 3126 Secretario‚
507 3071 543 3115 ac
560 3053 765 3137 praelaudato
782 3053 818 3114 D.
838 3051 979 3115 Praelato
996 3046 1184 3118 verissimis,
1203 3062 1289 3127 quan-

178 3166 240 3222 tum
256 3165 405 3241 poteram,
423 3160 583 3223 coloribus
601 3159 786 3223 adumbrare
802 3157 953 3222 connisus
968 3172 1053 3229 sum;
1071 3153 1232 3216 novissimi
1248 3151 1290 3214 in-

33 3292 35 3298 >
64 3284 74 3302 ·-
177 3269 265 3331 terim
282 3263 426 3355 eventus,
446 3286 524 3349 quos
543 3268 635 3332 etiam
653 3267 690 3328 ad
707 3268 876 3348 benignam
893 3264 1074 3353 sanctitatis
1086 3262 1229 3324 Vestrae
1239 3274 1291 3320 no·

179 3377 276 3438 titiam
294 3376 508 3457 iamperlatas
529 3393 601 3439 esse
619 3394 704 3453 reor,
721 3375 947 3456 Episcoporum
974 3371 1122 3452 Clerique
1141 3367 1291 3432 conditio·

79 3474 83 3480 ’
180 3503 268 3562 nem,
285 3486 346 3546 iarn
370 3487 401 3548 in
418 3504 454 3548 se
470 3485 534 3548 illio
550 3482 762 3564 perdifficilem
775 3529 795 3559 ‚⁵
808 3482 944 3545 reddunt
961 3479 1061 3542 adbuc
1078 3478 1250 3540 tristiorem
1265 3489 1294 3532 ac

143 3591 153 3664 J
165 3591 212 3672 „in
231 3582 301 3652 dics
319 3572 418 3674 magis
436 3593 612 3672 ancipitem.
639 3592 712 3654 Cum
731 3592 810 3653 enim
828 3589 880 3652 lox
896 3589 995 3671 patria
1008 3588 1125 3648 mixtae
1143 3577 1295 3665 religionis

182 3700 345 3787 connubiis
372 3701 590 3784 impedimenta
618 3717 805 3780 quocunque
823 3697 879 3761 sub
901 3700 1067 3777 praetextu
1093 3695 1171 3772 poni
1197 3688 1295 3751 distri·

181 3809 251 3871 ctim
271 3816 375 3885 vetet,
392 3812 536 3893 pcrm'ulti
554 3812 583 3873 in
600 3808 709 3891 Regno
728 3806 897 3871 Comitatus
924 3821 979 3884 per
995 3794 1189 3865 subtractam
1205 3798 1295 3859 bene·

181 3915 349 3981 dictionem
368 3918 477 3980 eadem
503 3917 644 3999 impediri
672 3904 775 3997 questi
801 3912 877 3975 nibil
895 3928 957 3974 non
974 3916 1093 3993 agunt,
1128 3914 1164 3970 ut
1180 3905 1293 3970 Clerum

87 4070 89 4075 ,
182 4022 303 4101 publica
320 4031 445 4107 spretae
463 4023 676 4104 infractasque
692 4022 917 4104 religionariae
928 4016 1007 4098 legis
1025 4013 1146 4078 invidia
1163 4015 1296 4079 onerent,

127 4128 130 4134 '
185 4146 225 4192 ac
242 4132 462 4195 intentatorum
480 4132 622 4214 gravium
640 4131 818 4194 muletarum
837 4126 1002 4189 formidine
1019 4123 1057 4186 ad
1076 4120 1234 4205 explenda
1249 4132 1295 4180 sua

184 4246 256 4302 vota
275 4240 474 4329 compellant
498 4241 533 4302 Et
560 4239 700 4322 quamvis
727 4236 787 4300 Sua
806 4234 954 4298 llaiestas
972 4234 1063 4297 Caes,
1081 4230 1185 4312 Regia
1202 4228 1237 4290 ad
1253 4226 1294 4289 lc·

59 4377 76 4389 ·¹
149 4416 152 4421 .
184 4345 315 4418 tendum
332 4347 484 4411 laboranti
500 4349 563 4412 illio
579 4346 742 4411 Ecclesiae
758 4342 845 4406 Cath.
873 4341 1019 4406 auxilium
1038 4339 1157 4420 optime
1175 4339 1292 4399 arrimata

78 4448 81 4453 ’
121 4440 124 4446 ’
185 4453 244 4535 sit3
267 4475 335 4520 oum
351 4461 453 4520 tamen
474 4457 617 4540 Regnum
634 4456 694 4520 boc
709 4452 920 4538 peculiaribus
936 4448 1076 4535 gandeat
1093 4448 1225 4519 iuribus,
1239 4441 1295 4528 pri·
