<?xml version="1.0" encoding="UTF-8"?>
<!DOCTYPE html PUBLIC "-//W3C//DTD XHTML 1.0 Transitional//EN"
    "http://www.w3.org/TR/xhtml1/DTD/xhtml1-transitional.dtd">
<html xmlns="http://www.w3.org/1999/xhtml" xml:lang="en" lang="en">
 <head>
  <title>
</title>
<meta http-equiv="Content-Type" content="text/html;charset=utf-8" />
  <meta name='ocr-system' content='tesseract 3.04.00' />
  <meta name='ocr-capabilities' content='ocr_page ocr_carea ocr_par ocr_line ocrx_word'/>
</head>
<body>
  <div class='ocr_page' id='page_1' title='image "./dematrimoniismi00roskgoog_0491.png"; bbox 0 0 2798 4852; ppageno 0'>
   <div class='ocr_carea' id='block_1_1' title="bbox 217 232 906 377">
    <p class='ocr_par' dir='ltr' id='par_1_1' title="bbox 217 232 906 400">
     <span class='ocr_line' id='line_1_1' title="bbox 217 232 906 377; baseline 0.003 -18"><span class='ocrx_word' id='word_1_1' title='bbox 217 294 224 303; x_wconf 59' lang='grc'><em>’</em></span> <span class='ocrx_word' id='word_1_2' title='bbox 577 268 842 377; x_wconf 61' lang='lat'>-2102-2</span> <span class='ocrx_word' id='word_1_3' title='bbox 899 232 906 323; x_wconf 81' lang='lat' dir='ltr'>j·</span> 
     </span>
    </p>
   </div>
   <div class='ocr_carea' id='block_1_2' title="bbox 23 452 1238 884">
    <p class='ocr_par' dir='ltr' id='par_1_2' title="bbox 23 452 1235 563">
     <span class='ocr_line' id='line_1_2' title="bbox 23 452 1235 563; baseline 0.002 -20"><span class='ocrx_word' id='word_1_4' title='bbox 23 526 25 530; x_wconf 86' lang='lat'>-</span> <span class='ocrx_word' id='word_1_5' title='bbox 130 464 236 544; x_wconf 84' lang='lat' dir='ltr'>zelosa</span> <span class='ocrx_word' id='word_1_6' title='bbox 253 482 284 543; x_wconf 91' lang='lat' dir='ltr'>in</span> <span class='ocrx_word' id='word_1_7' title='bbox 313 461 580 544; x_wconf 72' lang='lat' dir='ltr'>animos‘fitiarum</span> <span class='ocrx_word' id='word_1_8' title='bbox 597 452 782 563; x_wconf 74' lang='lat' dir='ltr'>praesertim</span> <span class='ocrx_word' id='word_1_9' title='bbox 797 479 918 561; x_wconf 83' lang='lat' dir='ltr'>possit,</span> <span class='ocrx_word' id='word_1_10' title='bbox 938 491 1074 563; x_wconf 84' lang='lat' dir='ltr'>quantae</span> <span class='ocrx_word' id='word_1_11' title='bbox 1093 501 1161 546; x_wconf 91' lang='lat' dir='ltr'>cum</span> <span class='ocrx_word' id='word_1_12' title='bbox 1174 483 1235 546; x_wconf 90' lang='lat' dir='ltr'>tali·</span> 
     </span>
    </p>

    <p class='ocr_par' dir='ltr' id='par_1_3' title="bbox 57 572 1238 884">
     <span class='ocr_line' id='line_1_3' title="bbox 71 572 1236 672; baseline 0.004 -24"><span class='ocrx_word' id='word_1_13' title='bbox 71 583 84 616; x_wconf 72' lang='lat'><strong>²</strong></span> <span class='ocrx_word' id='word_1_14' title='bbox 126 572 184 649; x_wconf 90' lang='lat' dir='ltr'>hus</span> <span class='ocrx_word' id='word_1_15' title='bbox 200 576 340 668; x_wconf 83' lang='lat' dir='ltr'>prolibus</span> <span class='ocrx_word' id='word_1_16' title='bbox 355 588 460 669; x_wconf 87' lang='lat' dir='ltr'>quoad</span> <span class='ocrx_word' id='word_1_17' title='bbox 477 588 706 652; x_wconf 84' lang='lat' dir='ltr'>institutionem</span> <span class='ocrx_word' id='word_1_18' title='bbox 721 586 1135 670; x_wconf 56' lang='lat' dir='ltr'>&#39;religiosam&#39;oulamitatem</span> <span class='ocrx_word' id='word_1_19' title='bbox 1153 594 1236 672; x_wconf 88' lang='lat' dir='ltr'>quan·</span> 
     </span>
     <span class='ocr_line' id='line_1_4' title="bbox 128 693 1238 779; baseline 0.005 -25"><span class='ocrx_word' id='word_1_20' title='bbox 128 701 178 754; x_wconf 90' lang='lat' dir='ltr'>tae</span> <span class='ocrx_word' id='word_1_21' title='bbox 195 713 210 754; x_wconf 91' lang='lat' dir='ltr'>a</span> <span class='ocrx_word' id='word_1_22' title='bbox 228 693 288 763; x_wconf 88' lang='lat' dir='ltr'>hde</span> <span class='ocrx_word' id='word_1_23' title='bbox 306 694 461 779; x_wconf 89' lang='lat' dir='ltr'>catholica</span> <span class='ocrx_word' id='word_1_24' title='bbox 478 693 679 759; x_wconf 79' lang='lat' dir='ltr'><strong>seductiones</strong></span> <span class='ocrx_word' id='word_1_25' title='bbox 697 742 705 772; x_wconf 86' lang='lat'>,</span> <span class='ocrx_word' id='word_1_26' title='bbox 731 704 762 758; x_wconf 89' lang='lat' dir='ltr'>et</span> <span class='ocrx_word' id='word_1_27' title='bbox 780 695 891 760; x_wconf 88' lang='lat' dir='ltr'>hoales</span> <span class='ocrx_word' id='word_1_28' title='bbox 909 696 1108 761; x_wconf 76' lang='lat' dir='ltr'>defectiones</span> <span class='ocrx_word' id='word_1_29' title='bbox 1121 697 1238 770; x_wconf 73' lang='lat' dir='ltr'>tousu-</span> 
     </span>
     <span class='ocr_line' id='line_1_5' title="bbox 57 780 1237 884; baseline -0.001 -17"><span class='ocrx_word' id='word_1_30' title='bbox 57 857 61 867; x_wconf 88' lang='lat'><em>.</em></span> <span class='ocrx_word' id='word_1_31' title='bbox 130 780 169 864; x_wconf 80' lang='lat' dir='ltr'>tis</span> <span class='ocrx_word' id='word_1_32' title='bbox 195 818 290 882; x_wconf 89' lang='lat' dir='ltr'>porro</span> <span class='ocrx_word' id='word_1_33' title='bbox 327 803 500 884; x_wconf 85' lang='lat' dir='ltr'>angoribus</span> <span class='ocrx_word' id='word_1_34' title='bbox 525 802 1026 884; x_wconf 62' lang='lat' dir='ltr'>idsaihcere&#39;.dehetparochum</span> <span class='ocrx_word' id='word_1_35' title='bbox 1054 804 1237 879; x_wconf 89' lang='lat' dir='ltr'>catholicum,</span> 
     </span>
    </p>
   </div>
   <div class='ocr_carea' id='block_1_3' title="bbox 24 901 1237 1005">
    <p class='ocr_par' dir='ltr' id='par_1_4' title="bbox 24 901 1237 1005">
     <span class='ocr_line' id='line_1_6' title="bbox 24 901 1237 1005; baseline 0.002 -35"><span class='ocrx_word' id='word_1_36' title='bbox 24 947 27 953; x_wconf 77' lang='lat'>,</span> <span class='ocrx_word' id='word_1_37' title='bbox 77 901 82 907; x_wconf 71' lang='grc'><strong>’</strong></span> <span class='ocrx_word' id='word_1_38' title='bbox 128 909 202 971; x_wconf 89' lang='lat' dir='ltr'>dum</span> <span class='ocrx_word' id='word_1_39' title='bbox 219 912 446 973; x_wconf 80' lang='lat' dir='ltr'>matrimonium</span> <span class='ocrx_word' id='word_1_40' title='bbox 464 910 611 987; x_wconf 81' lang='lat' dir='ltr'>irrrxtum</span> <span class='ocrx_word' id='word_1_41' title='bbox 628 913 680 974; x_wconf 89' lang='lat' dir='ltr'>uln</span> <span class='ocrx_word' id='word_1_42' title='bbox 697 929 834 993; x_wconf 92' lang='lat' dir='ltr'>sponsus</span> <span class='ocrx_word' id='word_1_43' title='bbox 854 912 1066 975; x_wconf 75' lang='lat' dir='ltr'>acatholicus</span> <span class='ocrx_word' id='word_1_44' title='bbox 1063 919 1136 986; x_wconf 87' lang='lat' dir='ltr'>est</span> <span class='ocrx_word' id='word_1_45' title='bbox 1151 913 1237 1005; x_wconf 82' lang='lat' dir='ltr'>hene-</span> 
     </span>
    </p>
   </div>
   <div class='ocr_carea' id='block_1_4' title="bbox 63 994 1238 1125">
    <p class='ocr_par' dir='ltr' id='par_1_5' title="bbox 63 994 1238 1125">
     <span class='ocr_line' id='line_1_7' title="bbox 63 994 1238 1125; baseline 0.003 -47"><span class='ocrx_word' id='word_1_46' title='bbox 63 1030 73 1082; x_wconf 72' lang='grc' dir='ltr'>ί</span> <span class='ocrx_word' id='word_1_47' title='bbox 108 1017 266 1082; x_wconf 77' lang='lat' dir='ltr'>dictione</span> <span class='ocrx_word' id='word_1_48' title='bbox 288 994 522 1081; x_wconf 81' lang='lat' dir='ltr'>sacramentali</span> <span class='ocrx_word' id='word_1_49' title='bbox 532 994 670 1082; x_wconf 79' lang='lat' dir='ltr'>aiiice‘r‘e</span> <span class='ocrx_word' id='word_1_50' title='bbox 680 1010 862 1125; x_wconf 74' lang='lat' dir='ltr'>stringitur&#39;t</span> <span class='ocrx_word' id='word_1_51' title='bbox 888 1018 964 1084; x_wconf 87' lang='lat' dir='ltr'>dum</span> <span class='ocrx_word' id='word_1_52' title='bbox 982 994 1050 1082; x_wconf 89' lang='lat' dir='ltr'>hic</span> <span class='ocrx_word' id='word_1_53' title='bbox 1062 1018 1177 1102; x_wconf 87' lang='lat' dir='ltr'>spons&#39;a</span> <span class='ocrx_word' id='word_1_54' title='bbox 1193 1038 1238 1082; x_wconf 90' lang='lat' dir='ltr'>ca-</span> 
     </span>
    </p>
   </div>
   <div class='ocr_carea' id='block_1_5' title="bbox 20 1114 1238 1208">
    <p class='ocr_par' dir='ltr' id='par_1_6' title="bbox 20 1114 1238 1208">
     <span class='ocr_line' id='line_1_8' title="bbox 20 1114 1238 1208; baseline 0.006 -24"><span class='ocrx_word' id='word_1_55' title='bbox 20 1130 28 1138; x_wconf 87' lang='grc'>·</span> <span class='ocrx_word' id='word_1_56' title='bbox 69 1196 72 1200; x_wconf 10' lang='grc' dir='ltr'><strong>Α</strong></span> <span class='ocrx_word' id='word_1_57' title='bbox 113 1114 246 1187; x_wconf 75' lang='lat' dir='ltr'>.&#39;tholica</span> <span class='ocrx_word' id='word_1_58' title='bbox 264 1125 303 1186; x_wconf 94' lang='lat' dir='ltr'>ad</span> <span class='ocrx_word' id='word_1_59' title='bbox 317 1142 405 1188; x_wconf 87' lang='lat' dir='ltr'>aram</span> <span class='ocrx_word' id='word_1_60' title='bbox 422 1123 649 1207; x_wconf 80' lang='lat' dir='ltr'>Ornnipotentis</span> <span class='ocrx_word' id='word_1_61' title='bbox 667 1130 755 1190; x_wconf 89' lang='lat' dir='ltr'>stans</span> <span class='ocrx_word' id='word_1_62' title='bbox 771 1147 875 1190; x_wconf 90' lang='lat' dir='ltr'>coram</span> <span class='ocrx_word' id='word_1_63' title='bbox 891 1124 957 1191; x_wconf 86' lang='lat' dir='ltr'>Deo</span> <span class='ocrx_word' id='word_1_64' title='bbox 980 1147 1048 1190; x_wconf 90' lang='lat' dir='ltr'>eam</span> <span class='ocrx_word' id='word_1_65' title='bbox 1065 1127 1142 1190; x_wconf 83' lang='lat' dir='ltr'>laert</span> <span class='ocrx_word' id='word_1_66' title='bbox 1156 1145 1238 1208; x_wconf 89' lang='lat' dir='ltr'>spon</span> 
     </span>
    </p>
   </div>
   <div class='ocr_carea' id='block_1_6' title="bbox 110 1234 1237 1318">
    <p class='ocr_par' dir='ltr' id='par_1_7' title="bbox 110 1234 1237 1318">
     <span class='ocr_line' id='line_1_9' title="bbox 110 1234 1237 1318; baseline 0.001 -25"><span class='ocrx_word' id='word_1_67' title='bbox 110 1234 248 1296; x_wconf 84' lang='lat' dir='ltr'>sionem</span> <span class='ocrx_word' id='word_1_68' title='bbox 266 1235 380 1306; x_wconf 88' lang='lat' dir='ltr'>tacite,</span> <span class='ocrx_word' id='word_1_69' title='bbox 408 1251 443 1302; x_wconf 83' lang='lat' dir='ltr'>se</span> <span class='ocrx_word' id='word_1_70' title='bbox 460 1248 538 1296; x_wconf 86' lang='lat' dir='ltr'>suas</span> <span class='ocrx_word' id='word_1_71' title='bbox 552 1235 729 1314; x_wconf 85' lang='lat' dir='ltr'>speratihas</span> <span class='ocrx_word' id='word_1_72' title='bbox 746 1234 861 1318; x_wconf 89' lang='lat' dir='ltr'>proles</span> <span class='ocrx_word' id='word_1_73' title='bbox 875 1235 1034 1300; x_wconf 91' lang='lat' dir='ltr'>masculas</span> <span class='ocrx_word' id='word_1_74' title='bbox 1049 1235 1237 1300; x_wconf 79' lang='lat' dir='ltr'>educaturum</span> 
     </span>
    </p>
   </div>
   <div class='ocr_carea' id='block_1_7' title="bbox 3 1328 1238 1429">
    <p class='ocr_par' dir='ltr' id='par_1_8' title="bbox 3 1328 1238 1429">
     <span class='ocr_line' id='line_1_10' title="bbox 3 1328 1238 1429; baseline 0.005 -29"><span class='ocrx_word' id='word_1_75' title='bbox 3 1339 11 1408; x_wconf 82' lang='grc'>’,</span> <span class='ocrx_word' id='word_1_76' title='bbox 82 1348 89 1364; x_wconf 86' lang='grc'>·’</span> <span class='ocrx_word' id='word_1_77' title='bbox 128 1328 190 1400; x_wconf 86' lang='lat' dir='ltr'>non</span> <span class='ocrx_word' id='word_1_78' title='bbox 206 1338 370 1429; x_wconf 82' lang='lat' dir='ltr'>Ecclesiae</span> <span class='ocrx_word' id='word_1_79' title='bbox 388 1340 582 1420; x_wconf 82' lang='lat' dir='ltr'>Catholicae,</span> <span class='ocrx_word' id='word_1_80' title='bbox 593 1360 655 1405; x_wconf 90' lang='lat' dir='ltr'>non</span> <span class='ocrx_word' id='word_1_81' title='bbox 672 1328 811 1407; x_wconf 89' lang='lat' dir='ltr'>cultores</span> <span class='ocrx_word' id='word_1_82' title='bbox 822 1335 894 1407; x_wconf 83' lang='lat' dir='ltr'>iidei</span> <span class='ocrx_word' id='word_1_83' title='bbox 905 1337 1096 1418; x_wconf 83' lang='lat' dir='ltr'>catholicae</span> <span class='ocrx_word' id='word_1_84' title='bbox 1113 1341 1170 1407; x_wconf 87' lang='lat' dir='ltr'>sed</span> <span class='ocrx_word' id='word_1_85' title='bbox 1179 1360 1238 1406; x_wconf 89' lang='lat' dir='ltr'>cer·</span> 
     </span>
    </p>
   </div>
   <div class='ocr_carea' id='block_1_8' title="bbox 74 1444 1282 1653">
    <p class='ocr_par' dir='ltr' id='par_1_9' title="bbox 74 1444 1282 1641">
     <span class='ocr_line' id='line_1_11' title="bbox 129 1444 1282 1534; baseline 0.003 -27"><span class='ocrx_word' id='word_1_86' title='bbox 129 1453 178 1510; x_wconf 94' lang='lat' dir='ltr'>tos</span> <span class='ocrx_word' id='word_1_87' title='bbox 194 1444 277 1509; x_wconf 82' lang='lat' dir='ltr'>ithus</span> <span class='ocrx_word' id='word_1_88' title='bbox 294 1449 446 1528; x_wconf 77' lang='lat' dir='ltr'>posituros</span> <span class='ocrx_word' id='word_1_89' title='bbox 462 1450 591 1524; x_wconf 86' lang='lat' dir='ltr'>hostes</span> <span class='ocrx_word' id='word_1_90' title='bbox 609 1467 740 1534; x_wconf 90' lang='lat' dir='ltr'>osores,</span> <span class='ocrx_word' id='word_1_91' title='bbox 758 1451 977 1529; x_wconf 80' lang='lat' dir='ltr'>adversarios,</span> <span class='ocrx_word' id='word_1_92' title='bbox 993 1452 1203 1534; x_wconf 74' lang='lat' dir='ltr'>impetitores,</span> <span class='ocrx_word' id='word_1_93' title='bbox 1217 1452 1282 1511; x_wconf 81' lang='lat' dir='ltr'>et!</span> 
     </span>
     <span class='ocr_line' id='line_1_12' title="bbox 74 1518 1282 1653; baseline 0.003 -38"><span class='ocrx_word' id='word_1_94' title='bbox 74 1562 78 1569; x_wconf 90' lang='grc'><strong><em>’</em></strong></span> <span class='ocrx_word' id='word_1_95' title='bbox 128 1539 285 1633; x_wconf 81' lang='lat' dir='ltr'>parochus</span> <span class='ocrx_word' id='word_1_96' title='bbox 303 1535 477 1645; x_wconf 84' lang='lat' dir='ltr'>catholicus</span> <span class='ocrx_word' id='word_1_97' title='bbox 494 1556 556 1618; x_wconf 89' lang='lat' dir='ltr'>hoc</span> <span class='ocrx_word' id='word_1_98' title='bbox 581 1557 665 1620; x_wconf 91' lang='lat' dir='ltr'>iltius</span> <span class='ocrx_word' id='word_1_99' title='bbox 692 1563 885 1653; x_wconf 86' lang='lat' dir='ltr'>propositum</span> <span class='ocrx_word' id='word_1_100' title='bbox 911 1562 1002 1624; x_wconf 87' lang='lat' dir='ltr'>sacro</span> <span class='ocrx_word' id='word_1_101' title='bbox 1028 1561 1093 1622; x_wconf 87' lang='lat' dir='ltr'>ritu</span> <span class='ocrx_word' id='word_1_102' title='bbox 1110 1559 1243 1639; x_wconf 85' lang='lat' dir='ltr'>probare,</span> <span class='ocrx_word' id='word_1_103' title='bbox 1279 1518 1282 1631; x_wconf 95' lang='grc'>1</span> 
     </span>
    </p>
   </div>
   <div class='ocr_carea' id='block_1_9' title="bbox 14 1648 1282 1858">
    <p class='ocr_par' dir='ltr' id='par_1_10' title="bbox 14 1648 1282 1856">
     <span class='ocr_line' id='line_1_13' title="bbox 14 1648 1282 1748; baseline 0.004 -26"><span class='ocrx_word' id='word_1_104' title='bbox 14 1718 16 1723; x_wconf 89' lang='grc'>,</span> <span class='ocrx_word' id='word_1_105' title='bbox 48 1735 52 1741; x_wconf 76' lang='lat'>.</span> <span class='ocrx_word' id='word_1_106' title='bbox 130 1661 328 1741; x_wconf 85' lang='lat' dir='ltr'>confirmare,</span> <span class='ocrx_word' id='word_1_107' title='bbox 346 1670 377 1724; x_wconf 89' lang='lat' dir='ltr'>et</span> <span class='ocrx_word' id='word_1_108' title='bbox 394 1664 579 1729; x_wconf 78' lang='lat' dir='ltr'>ratihabere</span> <span class='ocrx_word' id='word_1_109' title='bbox 595 1666 792 1748; x_wconf 80' lang='lat' dir='ltr'>stringitur&#39;</span> <span class='ocrx_word' id='word_1_110' title='bbox 805 1685 843 1729; x_wconf 89' lang='lat' dir='ltr'>au</span> <span class='ocrx_word' id='word_1_111' title='bbox 861 1684 924 1733; x_wconf 90' lang='lat' dir='ltr'>non</span> <span class='ocrx_word' id='word_1_112' title='bbox 939 1667 1000 1741; x_wconf 82' lang='lat' dir='ltr'>hac</span> <span class='ocrx_word' id='word_1_113' title='bbox 1019 1685 1046 1730; x_wconf 82' lang='lat' dir='ltr'>si</span> <span class='ocrx_word' id='word_1_114' title='bbox 1065 1665 1235 1730; x_wconf 85' lang='lat' dir='ltr'>adhucmo·</span> <span class='ocrx_word' id='word_1_115' title='bbox 1278 1648 1282 1741; x_wconf 94' lang='grc'>1</span> 
     </span>
     <span class='ocr_line' id='line_1_14' title="bbox 32 1766 1236 1858; baseline 0.002 -29"><span class='ocrx_word' id='word_1_116' title='bbox 32 1838 35 1844; x_wconf 48' lang='grc'><strong>,</strong></span> <span class='ocrx_word' id='word_1_117' title='bbox 73 1829 94 1856; x_wconf 90' lang='lat'>·.</span> <span class='ocrx_word' id='word_1_118' title='bbox 129 1766 228 1858; x_wconf 86' lang='lat' dir='ltr'>dicum</span> <span class='ocrx_word' id='word_1_119' title='bbox 247 1773 437 1852; x_wconf 78' lang='lat' dir='ltr'>spiritumet</span> <span class='ocrx_word' id='word_1_120' title='bbox 455 1788 591 1836; x_wconf 89' lang='lat' dir='ltr'>amorem</span> <span class='ocrx_word' id='word_1_121' title='bbox 609 1789 684 1835; x_wconf 87' lang='lat' dir='ltr'>suae</span> <span class='ocrx_word' id='word_1_122' title='bbox 702 1775 870 1856; x_wconf 76' lang='lat' dir='ltr'>relauroms</span> <span class='ocrx_word' id='word_1_123' title='bbox 888 1770 1236 1848; x_wconf 85' lang='lat' dir='ltr'>hahatexhorresoet?</span> 
     </span>
    </p>
   </div>
   <div class='ocr_carea' id='block_1_10' title="bbox 24 1861 1237 2077">
    <p class='ocr_par' dir='ltr' id='par_1_11' title="bbox 24 1861 1237 2072">
     <span class='ocr_line' id='line_1_15' title="bbox 65 1861 1237 1969; baseline -0.006 -24"><span class='ocrx_word' id='word_1_124' title='bbox 65 1940 68 1945; x_wconf 89' lang='lat'><em>.</em></span> <span class='ocrx_word' id='word_1_125' title='bbox 141 1950 144 1957; x_wconf 59' lang='grc'>,</span> <span class='ocrx_word' id='word_1_126' title='bbox 218 1864 417 1961; x_wconf 75' lang='lat' dir='ltr'>Quapropter</span> <span class='ocrx_word' id='word_1_127' title='bbox 441 1880 608 1943; x_wconf 89' lang='lat' dir='ltr'>Districtus</span> <span class='ocrx_word' id='word_1_128' title='bbox 640 1879 722 1967; x_wconf 85' lang='lat' dir='ltr'>hic</span> <span class='ocrx_word' id='word_1_129' title='bbox 715 1899 745 1944; x_wconf 90' lang='grc' dir='ltr'>ιιι</span> <span class='ocrx_word' id='word_1_130' title='bbox 770 1881 853 1945; x_wconf 87' lang='lat' dir='ltr'>filiali</span> <span class='ocrx_word' id='word_1_131' title='bbox 882 1861 1051 1969; x_wconf 88' lang='lat' dir='ltr'>devotione</span> <span class='ocrx_word' id='word_1_132' title='bbox 1077 1879 1237 1945; x_wconf 87' lang='lat' dir='ltr'>Illustritati</span> 
     </span>
     <span class='ocr_line' id='line_1_16' title="bbox 24 1985 1235 2077; baseline 0.003 -31"><span class='ocrx_word' id='word_1_133' title='bbox 24 1996 53 2062; x_wconf 63' lang='lat' dir='ltr'><strong><em>J</em></strong></span> <span class='ocrx_word' id='word_1_134' title='bbox 128 1987 209 2050; x_wconf 90' lang='lat' dir='ltr'>Vrae</span> <span class='ocrx_word' id='word_1_135' title='bbox 227 1985 462 2049; x_wconf 81' lang='lat' dir='ltr'>dermssissrmrs</span> <span class='ocrx_word' id='word_1_136' title='bbox 474 1990 621 2068; x_wconf 80' lang='lat' dir='ltr'>precibus</span> <span class='ocrx_word' id='word_1_137' title='bbox 639 1991 810 2072; x_wconf 80' lang='lat' dir='ltr'>supplicat</span> <span class='ocrx_word' id='word_1_138' title='bbox 836 1997 886 2063; x_wconf 91' lang='lat' dir='ltr'>ut,-</span> <span class='ocrx_word' id='word_1_139' title='bbox 913 1988 1066 2077; x_wconf 77' lang='lat' dir='ltr'>siqnidem</span> <span class='ocrx_word' id='word_1_140' title='bbox 1093 1988 1161 2051; x_wconf 93' lang='lat' dir='ltr'>ad</span> <span class='ocrx_word' id='word_1_141' title='bbox 1153 1989 1235 2051; x_wconf 77' lang='lat' dir='ltr'>imni·</span> 
     </span>
    </p>
   </div>
   <div class='ocr_carea' id='block_1_11' title="bbox 25 2078 1237 2182">
    <p class='ocr_par' dir='ltr' id='par_1_12' title="bbox 25 2078 1237 2182">
     <span class='ocr_line' id='line_1_17' title="bbox 25 2078 1237 2182; baseline -0.006 -22"><span class='ocrx_word' id='word_1_142' title='bbox 25 2151 30 2168; x_wconf 71' lang='grc'>,</span> <span class='ocrx_word' id='word_1_143' title='bbox 68 2139 74 2182; x_wconf 68' lang='lat'><em>3</em></span> <span class='ocrx_word' id='word_1_144' title='bbox 97 2091 101 2096; x_wconf 69' lang='grc'><strong><em>’</em></strong></span> <span class='ocrx_word' id='word_1_145' title='bbox 129 2078 235 2160; x_wconf 86' lang='lat' dir='ltr'>nentia</span> <span class='ocrx_word' id='word_1_146' title='bbox 252 2093 357 2177; x_wconf 82' lang='lat' dir='ltr'>Regni</span> <span class='ocrx_word' id='word_1_147' title='bbox 372 2094 506 2159; x_wconf 82' lang='lat' dir='ltr'>Comitia</span> <span class='ocrx_word' id='word_1_148' title='bbox 519 2113 628 2169; x_wconf 84' lang='lat' dir='ltr'>ornnes</span> <span class='ocrx_word' id='word_1_149' title='bbox 645 2084 826 2177; x_wconf 87' lang='lat' dir='ltr'>Hangariae</span> <span class='ocrx_word' id='word_1_150' title='bbox 843 2096 1008 2174; x_wconf 87' lang='lat' dir='ltr'>Praesules</span> <span class='ocrx_word' id='word_1_151' title='bbox 1025 2096 1197 2159; x_wconf 83' lang='lat' dir='ltr'>conuenire</span> <span class='ocrx_word' id='word_1_152' title='bbox 1210 2096 1237 2156; x_wconf 88' lang='lat' dir='ltr'>sit</span> 
     </span>
    </p>
   </div>
   <div class='ocr_carea' id='block_1_12' title="bbox 128 2181 1282 2291">
    <p class='ocr_par' dir='ltr' id='par_1_13' title="bbox 128 2181 1282 2291">
     <span class='ocr_line' id='line_1_18' title="bbox 128 2181 1282 2291; baseline -0.005 -22"><span class='ocrx_word' id='word_1_153' title='bbox 128 2223 281 2277; x_wconf 89' lang='lat' dir='ltr'>necesse,</span> <span class='ocrx_word' id='word_1_154' title='bbox 308 2223 377 2291; x_wconf 88' lang='lat' dir='ltr'>cum</span> <span class='ocrx_word' id='word_1_155' title='bbox 393 2200 443 2267; x_wconf 93' lang='lat' dir='ltr'>his</span> <span class='ocrx_word' id='word_1_156' title='bbox 459 2181 541 2266; x_wconf 86' lang='lat' dir='ltr'>hoo</span> <span class='ocrx_word' id='word_1_157' title='bbox 534 2224 565 2268; x_wconf 86' lang='grc' dir='ltr'>ιιι</span> <span class='ocrx_word' id='word_1_158' title='bbox 582 2205 712 2286; x_wconf 86' lang='lat' dir='ltr'>negotio</span> <span class='ocrx_word' id='word_1_159' title='bbox 731 2204 864 2268; x_wconf 89' lang='lat' dir='ltr'>consilia</span> <span class='ocrx_word' id='word_1_160' title='bbox 873 2203 1049 2288; x_wconf 82' lang='lat' dir='ltr'>conferre,</span> <span class='ocrx_word' id='word_1_161' title='bbox 1077 2205 1173 2284; x_wconf 87' lang='lat' dir='ltr'>idque</span> <span class='ocrx_word' id='word_1_162' title='bbox 1196 2214 1282 2266; x_wconf 88' lang='lat' dir='ltr'>sao</span> 
     </span>
    </p>
   </div>
   <div class='ocr_carea' id='block_1_13' title="bbox 15 2286 1237 2392">
    <p class='ocr_par' dir='ltr' id='par_1_14' title="bbox 15 2286 1237 2392">
     <span class='ocr_line' id='line_1_19' title="bbox 15 2286 1237 2392; baseline -0.004 -17"><span class='ocrx_word' id='word_1_163' title='bbox 15 2334 18 2339; x_wconf 86' lang='lat'>·</span> <span class='ocrx_word' id='word_1_164' title='bbox 130 2314 201 2375; x_wconf 93' lang='lat' dir='ltr'>loco</span> <span class='ocrx_word' id='word_1_165' title='bbox 217 2286 346 2373; x_wconf 80' lang='lat' dir='ltr'>eiicere</span> <span class='ocrx_word' id='word_1_166' title='bbox 373 2309 577 2392; x_wconf 84' lang='lat' dir='ltr'>dignaretur,</span> <span class='ocrx_word' id='word_1_167' title='bbox 604 2318 637 2374; x_wconf 91' lang='lat' dir='ltr'>ut</span> <span class='ocrx_word' id='word_1_168' title='bbox 654 2312 684 2373; x_wconf 90' lang='lat' dir='ltr'>in</span> <span class='ocrx_word' id='word_1_169' title='bbox 710 2310 845 2392; x_wconf 79' lang='lat' dir='ltr'>futurum</span> <span class='ocrx_word' id='word_1_170' title='bbox 871 2313 1069 2389; x_wconf 85' lang='lat' dir='ltr'>matrimonia</span> <span class='ocrx_word' id='word_1_171' title='bbox 1096 2314 1189 2375; x_wconf 83' lang='lat' dir='ltr'>mixta</span> <span class='ocrx_word' id='word_1_172' title='bbox 1210 2308 1237 2372; x_wconf 90' lang='lat' dir='ltr'>ad</span> 
     </span>
    </p>
   </div>
   <div class='ocr_carea' id='block_1_14' title="bbox 56 2403 1282 3044">
    <p class='ocr_par' dir='ltr' id='par_1_15' title="bbox 56 2403 1282 3044">
     <span class='ocr_line' id='line_1_20' title="bbox 110 2403 1282 2500; baseline -0.003 -18"><span class='ocrx_word' id='word_1_173' title='bbox 110 2403 302 2499; x_wconf 23' lang='lat' dir='ltr'>*exemplum</span> <span class='ocrx_word' id='word_1_174' title='bbox 320 2417 473 2480; x_wconf 86' lang='lat' dir='ltr'>Bavariae</span> <span class='ocrx_word' id='word_1_175' title='bbox 490 2436 553 2499; x_wconf 86' lang='lat' dir='ltr'>non</span> <span class='ocrx_word' id='word_1_176' title='bbox 571 2418 661 2481; x_wconf 86' lang='lat' dir='ltr'>aliter</span> <span class='ocrx_word' id='word_1_177' title='bbox 678 2437 769 2500; x_wconf 82' lang='lat' dir='ltr'>quam</span> <span class='ocrx_word' id='word_1_178' title='bbox 787 2437 855 2481; x_wconf 88' lang='lat' dir='ltr'>cum</span> <span class='ocrx_word' id='word_1_179' title='bbox 874 2420 1112 2500; x_wconf 81' lang='lat' dir='ltr'>dispensatione</span> <span class='ocrx_word' id='word_1_180' title='bbox 1123 2416 1239 2500; x_wconf 77' lang='lat' dir='ltr'>Episco·</span> <span class='ocrx_word' id='word_1_181' title='bbox 1278 2414 1282 2435; x_wconf 88' lang='lat'><strong>¹</strong></span> 
     </span>
     <span class='ocr_line' id='line_1_21' title="bbox 128 2503 1239 2611; baseline -0.003 -22"><span class='ocrx_word' id='word_1_182' title='bbox 128 2527 190 2610; x_wconf 92' lang='lat' dir='ltr'>pali</span> <span class='ocrx_word' id='word_1_183' title='bbox 207 2532 307 2608; x_wconf 79' lang='lat' dir='ltr'>eaque</span> <span class='ocrx_word' id='word_1_184' title='bbox 324 2543 388 2611; x_wconf 86' lang='lat' dir='ltr'>non</span> <span class='ocrx_word' id='word_1_185' title='bbox 404 2543 497 2588; x_wconf 91' lang='lat' dir='ltr'>secus</span> <span class='ocrx_word' id='word_1_186' title='bbox 515 2526 698 2609; x_wconf 88' lang='lat' dir='ltr'>elargienda</span> <span class='ocrx_word' id='word_1_187' title='bbox 716 2526 930 2600; x_wconf 85' lang='lat' dir='ltr'>admittantur,</span> <span class='ocrx_word' id='word_1_188' title='bbox 958 2545 1053 2607; x_wconf 65' lang='lat' dir='ltr'>quam,</span> <span class='ocrx_word' id='word_1_189' title='bbox 1072 2503 1239 2610; x_wconf 87' lang='lat' dir='ltr'>praehabita</span> 
     </span>
     <span class='ocr_line' id='line_1_22' title="bbox 76 2633 1240 2716; baseline 0 -20"><span class='ocrx_word' id='word_1_190' title='bbox 76 2675 81 2680; x_wconf 88' lang='lat'>-</span> <span class='ocrx_word' id='word_1_191' title='bbox 129 2634 238 2699; x_wconf 85' lang='lat' dir='ltr'>morali</span> <span class='ocrx_word' id='word_1_192' title='bbox 265 2633 473 2705; x_wconf 82' lang='lat' dir='ltr'>certitudine,</span> <span class='ocrx_word' id='word_1_193' title='bbox 493 2651 606 2702; x_wconf 26' lang='lat' dir='ltr'>,omrres</span> <span class='ocrx_word' id='word_1_194' title='bbox 632 2634 736 2715; x_wconf 86' lang='lat' dir='ltr'>proles</span> <span class='ocrx_word' id='word_1_195' title='bbox 763 2634 927 2716; x_wconf 82' lang='lat' dir='ltr'>utriusque</span> <span class='ocrx_word' id='word_1_196' title='bbox 957 2652 1053 2697; x_wconf 87' lang='lat' dir='ltr'>sexus</span> <span class='ocrx_word' id='word_1_197' title='bbox 1071 2638 1166 2698; x_wconf 90' lang='lat' dir='ltr'>etiam</span> <span class='ocrx_word' id='word_1_198' title='bbox 1182 2641 1240 2698; x_wconf 76' lang='lat' dir='ltr'>tun.</span> 
     </span>
     <span class='ocr_line' id='line_1_23' title="bbox 128 2740 1243 2830; baseline -0.006 -25"><span class='ocrx_word' id='word_1_199' title='bbox 128 2745 155 2805; x_wconf 92' lang='lat' dir='ltr'>si</span> <span class='ocrx_word' id='word_1_200' title='bbox 170 2748 260 2825; x_wconf 88' lang='lat' dir='ltr'>pater</span> <span class='ocrx_word' id='word_1_201' title='bbox 277 2747 326 2802; x_wconf 89' lang='lat' dir='ltr'>est</span> <span class='ocrx_word' id='word_1_202' title='bbox 349 2741 563 2824; x_wconf 89' lang='lat' dir='ltr'>acatholicus,</span> <span class='ocrx_word' id='word_1_203' title='bbox 589 2743 620 2804; x_wconf 89' lang='lat' dir='ltr'>in</span> <span class='ocrx_word' id='word_1_204' title='bbox 645 2741 810 2821; x_wconf 86' lang='lat' dir='ltr'>Religione</span> <span class='ocrx_word' id='word_1_205' title='bbox 827 2740 984 2830; x_wconf 86' lang='lat' dir='ltr'>Catholica</span> <span class='ocrx_word' id='word_1_206' title='bbox 997 2740 1181 2805; x_wconf 76' lang='lat' dir='ltr'>‘educatum</span> <span class='ocrx_word' id='word_1_207' title='bbox 1202 2740 1243 2804; x_wconf 91' lang='lat' dir='ltr'>iri.</span> 
     </span>
     <span class='ocr_line' id='line_1_24' title="bbox 129 2845 1243 2930; baseline -0.003 -20"><span class='ocrx_word' id='word_1_208' title='bbox 129 2848 248 2922; x_wconf 82' lang='lat' dir='ltr'>Quodsi</span> <span class='ocrx_word' id='word_1_209' title='bbox 264 2866 342 2910; x_wconf 91' lang='lat' dir='ltr'>vero</span> <span class='ocrx_word' id='word_1_210' title='bbox 360 2845 443 2910; x_wconf 91' lang='lat' dir='ltr'>istud</span> <span class='ocrx_word' id='word_1_211' title='bbox 462 2846 546 2910; x_wconf 89' lang='lat' dir='ltr'>nullo</span> <span class='ocrx_word' id='word_1_212' title='bbox 564 2848 656 2909; x_wconf 90' lang='lat' dir='ltr'>modo</span> <span class='ocrx_word' id='word_1_213' title='bbox 675 2867 690 2908; x_wconf 87' lang='lat' dir='ltr'>a</span> <span class='ocrx_word' id='word_1_214' title='bbox 710 2855 869 2930; x_wconf 87' lang='lat' dir='ltr'>potestate</span> <span class='ocrx_word' id='word_1_215' title='bbox 886 2847 971 2910; x_wconf 88' lang='lat' dir='ltr'>civili</span> <span class='ocrx_word' id='word_1_216' title='bbox 989 2847 1126 2924; x_wconf 83' lang='lat' dir='ltr'>obtineri</span> <span class='ocrx_word' id='word_1_217' title='bbox 1136 2853 1243 2930; x_wconf 84' lang='lat' dir='ltr'>posset,</span> 
     </span>
     <span class='ocr_line' id='line_1_25' title="bbox 56 2940 1242 3044; baseline 0.001 -28"><span class='ocrx_word' id='word_1_218' title='bbox 56 2993 66 2999; x_wconf 85' lang='lat'>·-</span> <span class='ocrx_word' id='word_1_219' title='bbox 128 2973 166 3017; x_wconf 87' lang='lat' dir='ltr'>ne</span> <span class='ocrx_word' id='word_1_220' title='bbox 184 2953 314 3038; x_wconf 87' lang='lat' dir='ltr'>parochi</span> <span class='ocrx_word' id='word_1_221' title='bbox 331 2940 478 3017; x_wconf 85' lang='lat' dir='ltr'>catholici</span> <span class='ocrx_word' id='word_1_222' title='bbox 494 2957 686 3044; x_wconf 86' lang='lat' dir='ltr'>stringantur</span> <span class='ocrx_word' id='word_1_223' title='bbox 702 2955 740 3016; x_wconf 89' lang='lat' dir='ltr'>ad</span> <span class='ocrx_word' id='word_1_224' title='bbox 758 2955 1023 3018; x_wconf 83' lang='lat' dir='ltr'>afficiendasacro</span> <span class='ocrx_word' id='word_1_225' title='bbox 1042 2956 1242 3020; x_wconf 87' lang='lat' dir='ltr'>rituillama·</span> 
     </span>
    </p>
   </div>
   <div class='ocr_carea' id='block_1_15' title="bbox 5 3061 1243 3151">
    <p class='ocr_par' dir='ltr' id='par_1_16' title="bbox 5 3061 1243 3151">
     <span class='ocr_line' id='line_1_26' title="bbox 5 3061 1243 3151; baseline -0.002 -29"><span class='ocrx_word' id='word_1_226' title='bbox 5 3062 9 3066; x_wconf 79' lang='grc'><strong>’</strong></span> <span class='ocrx_word' id='word_1_227' title='bbox 60 3080 63 3084; x_wconf 65' lang='grc'><strong>’</strong></span> <span class='ocrx_word' id='word_1_228' title='bbox 128 3064 269 3151; x_wconf 87' lang='lat' dir='ltr'>trimonia</span> <span class='ocrx_word' id='word_1_229' title='bbox 287 3063 400 3135; x_wconf 88' lang='lat' dir='ltr'>mixta,</span> <span class='ocrx_word' id='word_1_230' title='bbox 428 3080 508 3140; x_wconf 88' lang='lat' dir='ltr'>quae</span> <span class='ocrx_word' id='word_1_231' title='bbox 534 3081 603 3124; x_wconf 91' lang='lat' dir='ltr'>oum</span> <span class='ocrx_word' id='word_1_232' title='bbox 619 3063 703 3135; x_wconf 74' lang='lat' dir='ltr'>¹viris</span> <span class='ocrx_word' id='word_1_233' title='bbox 730 3061 915 3146; x_wconf 82' lang='lat' dir='ltr'>acatholicis</span> <span class='ocrx_word' id='word_1_234' title='bbox 932 3061 1174 3125; x_wconf 88' lang='lat' dir='ltr'>contrahuntur.</span> <span class='ocrx_word' id='word_1_235' title='bbox 1198 3061 1243 3125; x_wconf 86' lang='lat' dir='ltr'>llir</span> 
     </span>
    </p>
   </div>
   <div class='ocr_carea' id='block_1_16' title="bbox 42 3148 1244 3360">
    <p class='ocr_par' dir='ltr' id='par_1_17' title="bbox 42 3148 1244 3360">
     <span class='ocr_line' id='line_1_27' title="bbox 62 3148 1243 3261; baseline -0.003 -27"><span class='ocrx_word' id='word_1_236' title='bbox 62 3257 65 3261; x_wconf 80' lang='lat'>.</span> <span class='ocrx_word' id='word_1_237' title='bbox 130 3148 311 3234; x_wconf 62' lang='lat' dir='ltr'>enim&#39;alind</span> <span class='ocrx_word' id='word_1_238' title='bbox 339 3168 583 3252; x_wconf 86' lang='lat' dir='ltr'>exspect-andum</span> <span class='ocrx_word' id='word_1_239' title='bbox 601 3177 667 3248; x_wconf 89' lang='lat' dir='ltr'>est,</span> <span class='ocrx_word' id='word_1_240' title='bbox 693 3188 794 3261; x_wconf 25' lang='lat' dir='ltr'>quarn·</span> <span class='ocrx_word' id='word_1_241' title='bbox 810 3176 843 3231; x_wconf 91' lang='lat' dir='ltr'>ut</span> <span class='ocrx_word' id='word_1_242' title='bbox 868 3171 1054 3248; x_wconf 88' lang='lat' dir='ltr'>praesertim</span> <span class='ocrx_word' id='word_1_243' title='bbox 1070 3190 1178 3248; x_wconf 90' lang='lat' dir='ltr'>nunc,</span> <span class='ocrx_word' id='word_1_244' title='bbox 1202 3169 1243 3231; x_wconf 87' lang='lat' dir='ltr'>uhi</span> 
     </span>
     <span class='ocr_line' id='line_1_28' title="bbox 42 3264 1244 3360; baseline -0.002 -21"><span class='ocrx_word' id='word_1_245' title='bbox 42 3342 55 3356; x_wconf 47' lang='lat'><strong>„</strong></span> <span class='ocrx_word' id='word_1_246' title='bbox 130 3279 260 3356; x_wconf 90' lang='lat' dir='ltr'>spiritus</span> <span class='ocrx_word' id='word_1_247' title='bbox 278 3275 499 3339; x_wconf 87' lang='lat' dir='ltr'>catholicitatis</span> <span class='ocrx_word' id='word_1_248' title='bbox 510 3295 567 3360; x_wconf 89' lang='lat' dir='ltr'>per</span> <span class='ocrx_word' id='word_1_249' title='bbox 579 3264 775 3350; x_wconf 87' lang='lat' dir='ltr'>calamitates</span> <span class='ocrx_word' id='word_1_250' title='bbox 792 3277 872 3350; x_wconf 91' lang='lat' dir='ltr'>illas,</span> <span class='ocrx_word' id='word_1_251' title='bbox 889 3278 947 3339; x_wconf 92' lang='lat' dir='ltr'>suh</span> <span class='ocrx_word' id='word_1_252' title='bbox 965 3279 1079 3360; x_wconf 90' lang='lat' dir='ltr'>quihus</span> <span class='ocrx_word' id='word_1_253' title='bbox 1090 3273 1244 3342; x_wconf 82' lang='lat' dir='ltr'>Ecclesiae</span> 
     </span>
    </p>
   </div>
   <div class='ocr_carea' id='block_1_17' title="bbox 10 3379 1242 3469">
    <p class='ocr_par' dir='ltr' id='par_1_18' title="bbox 10 3379 1242 3469">
     <span class='ocr_line' id='line_1_29' title="bbox 10 3379 1242 3469; baseline 0.001 -25"><span class='ocrx_word' id='word_1_254' title='bbox 10 3412 29 3444; x_wconf 90' lang='lat'>.·</span> <span class='ocrx_word' id='word_1_255' title='bbox 130 3384 336 3448; x_wconf 88' lang='lat' dir='ltr'>Germanicae</span> <span class='ocrx_word' id='word_1_256' title='bbox 354 3379 492 3464; x_wconf 85' lang='lat' dir='ltr'>inprimis</span> <span class='ocrx_word' id='word_1_257' title='bbox 510 3387 540 3449; x_wconf 89' lang='lat' dir='ltr'>in</span> <span class='ocrx_word' id='word_1_258' title='bbox 558 3386 705 3448; x_wconf 81' lang='lat' dir='ltr'>Bonussia</span> <span class='ocrx_word' id='word_1_259' title='bbox 717 3392 857 3469; x_wconf 86' lang='lat' dir='ltr'>gemunt,</span> <span class='ocrx_word' id='word_1_260' title='bbox 876 3403 914 3448; x_wconf 91' lang='lat' dir='ltr'>eo</span> <span class='ocrx_word' id='word_1_261' title='bbox 932 3388 1030 3466; x_wconf 86' lang='lat' dir='ltr'>magis</span> <span class='ocrx_word' id='word_1_262' title='bbox 1049 3385 1152 3449; x_wconf 86' lang='lat' dir='ltr'>adhuc</span> <span class='ocrx_word' id='word_1_263' title='bbox 1164 3385 1242 3449; x_wconf 81' lang='lat' dir='ltr'>exci-</span> 
     </span>
    </p>
   </div>
   <div class='ocr_carea' id='block_1_18' title="bbox 92 3491 1242 3797">
    <p class='ocr_par' dir='ltr' id='par_1_19' title="bbox 92 3491 1242 3797">
     <span class='ocr_line' id='line_1_30' title="bbox 129 3491 1242 3574; baseline -0.001 -23"><span class='ocrx_word' id='word_1_264' title='bbox 129 3498 284 3563; x_wconf 82' lang='lat' dir='ltr'>tatusest,</span> <span class='ocrx_word' id='word_1_265' title='bbox 303 3492 400 3554; x_wconf 91' lang='lat' dir='ltr'>ethic</span> <span class='ocrx_word' id='word_1_266' title='bbox 418 3495 658 3571; x_wconf 81' lang='lat' dir='ltr'>eueniatcasus‚</span> <span class='ocrx_word' id='word_1_267' title='bbox 676 3499 709 3555; x_wconf 94' lang='lat' dir='ltr'>ut</span> <span class='ocrx_word' id='word_1_268' title='bbox 727 3491 858 3574; x_wconf 87' lang='lat' dir='ltr'>parochi</span> <span class='ocrx_word' id='word_1_269' title='bbox 871 3495 930 3554; x_wconf 91' lang='lat' dir='ltr'>vim</span> <span class='ocrx_word' id='word_1_270' title='bbox 948 3495 1242 3557; x_wconf 89' lang='lat' dir='ltr'>conscientiaesuae</span> 
     </span>
     <span class='ocr_line' id='line_1_31' title="bbox 92 3595 1241 3684; baseline -0.002 -23"><span class='ocrx_word' id='word_1_271' title='bbox 92 3644 95 3649; x_wconf 61' lang='grc'><strong><em>»</em></strong></span> <span class='ocrx_word' id='word_1_272' title='bbox 130 3599 249 3663; x_wconf 84' lang='lat' dir='ltr'>inferre</span> <span class='ocrx_word' id='word_1_273' title='bbox 267 3608 461 3683; x_wconf 89' lang='lat' dir='ltr'>nequeuntes</span> <span class='ocrx_word' id='word_1_274' title='bbox 488 3595 668 3664; x_wconf 81' lang='lat' dir='ltr'>inamoenus</span> <span class='ocrx_word' id='word_1_275' title='bbox 696 3601 842 3684; x_wconf 88' lang='lat' dir='ltr'>sequelas</span> <span class='ocrx_word' id='word_1_276' title='bbox 864 3601 969 3664; x_wconf 88' lang='lat' dir='ltr'>subire</span> <span class='ocrx_word' id='word_1_277' title='bbox 987 3600 1144 3683; x_wconf 89' lang='lat' dir='ltr'>debeant,</span> <span class='ocrx_word' id='word_1_278' title='bbox 1169 3609 1241 3667; x_wconf 89' lang='lat' dir='ltr'>recta</span> 
     </span>
     <span class='ocr_line' id='line_1_32' title="bbox 128 3702 1091 3797; baseline 0.004 -29"><span class='ocrx_word' id='word_1_279' title='bbox 128 3706 210 3794; x_wconf 90' lang='lat' dir='ltr'>ideo,</span> <span class='ocrx_word' id='word_1_280' title='bbox 228 3708 308 3790; x_wconf 90' lang='lat' dir='ltr'>quod</span> <span class='ocrx_word' id='word_1_281' title='bbox 327 3702 504 3797; x_wconf 87' lang='lat' dir='ltr'>proditores</span> <span class='ocrx_word' id='word_1_282' title='bbox 521 3710 686 3773; x_wconf 88' lang='lat' dir='ltr'>Ecclesiae</span> <span class='ocrx_word' id='word_1_283' title='bbox 705 3712 791 3774; x_wconf 85' lang='lat' dir='ltr'>Cath.</span> <span class='ocrx_word' id='word_1_284' title='bbox 811 3727 883 3772; x_wconf 90' lang='lat' dir='ltr'>esse</span> <span class='ocrx_word' id='word_1_285' title='bbox 901 3709 1091 3774; x_wconf 85' lang='lat' dir='ltr'>detrectent.</span> 
     </span>
    </p>
   </div>
   <div class='ocr_carea' id='block_1_19' title="bbox 324 3907 1038 4179">
    <p class='ocr_par' dir='ltr' id='par_1_20' title="bbox 324 3907 1038 4179">
     <span class='ocr_line' id='line_1_33' title="bbox 648 3907 847 3983; baseline 0 -1"><span class='ocrx_word' id='word_1_286' title='bbox 648 3909 773 3983; x_wconf 75' lang='lat' dir='ltr'>aaa..</span> <span class='ocrx_word' id='word_1_287' title='bbox 844 3907 847 3913; x_wconf 85' lang='lat'>·</span> 
     </span>
     <span class='ocr_line' id='line_1_34' title="bbox 324 4034 1038 4179; baseline 0.004 -44"><span class='ocrx_word' id='word_1_288' title='bbox 324 4075 490 4137; x_wconf 76' lang='lat' dir='ltr'>Resolutio</span> <span class='ocrx_word' id='word_1_289' title='bbox 501 4034 709 4179; x_wconf 55' lang='lat' dir='ltr'>iipiscopalis</span> <span class='ocrx_word' id='word_1_290' title='bbox 724 4082 776 4136; x_wconf 90' lang='lat' dir='ltr'>dd.</span> <span class='ocrx_word' id='word_1_291' title='bbox 790 4083 841 4137; x_wconf 71' lang='lat'>23.</span> <span class='ocrx_word' id='word_1_292' title='bbox 856 4081 932 4138; x_wconf 83' lang='lat' dir='ltr'>Man</span> <span class='ocrx_word' id='word_1_293' title='bbox 946 4082 1038 4159; x_wconf 73' lang='lat'>1839.</span> 
     </span>
    </p>
   </div>
   <div class='ocr_carea' id='block_1_20' title="bbox 129 4228 1282 4549">
    <p class='ocr_par' dir='ltr' id='par_1_21' title="bbox 129 4228 1282 4549">
     <span class='ocr_line' id='line_1_35' title="bbox 216 4228 1282 4332; baseline 0 -25"><span class='ocrx_word' id='word_1_294' title='bbox 216 4228 408 4313; x_wconf 82' lang='lat' dir='ltr'>Matrimonia</span> <span class='ocrx_word' id='word_1_295' title='bbox 426 4251 522 4313; x_wconf 84' lang='lat' dir='ltr'>mixta</span> <span class='ocrx_word' id='word_1_296' title='bbox 540 4254 626 4331; x_wconf 62' lang='lat' dir='ltr'>iusta</span> <span class='ocrx_word' id='word_1_297' title='bbox 650 4251 770 4332; x_wconf 84' lang='lat' dir='ltr'>praxim</span> <span class='ocrx_word' id='word_1_298' title='bbox 791 4250 951 4314; x_wconf 82' lang='lat' dir='ltr'>Ecclesiae</span> <span class='ocrx_word' id='word_1_299' title='bbox 970 4253 1152 4318; x_wconf 84' lang='lat' dir='ltr'>Catholicae</span> <span class='ocrx_word' id='word_1_300' title='bbox 1168 4253 1230 4312; x_wconf 86' lang='lat' dir='ltr'>inter</span> <span class='ocrx_word' id='word_1_301' title='bbox 1280 4318 1282 4323; x_wconf 23' lang='lat'><strong>¹</strong></span> 
     </span>
     <span class='ocr_line' id='line_1_36' title="bbox 129 4352 1226 4442; baseline 0.01 -32"><span class='ocrx_word' id='word_1_302' title='bbox 129 4352 282 4433; x_wconf 87' lang='lat' dir='ltr'>coniuges</span> <span class='ocrx_word' id='word_1_303' title='bbox 309 4356 396 4419; x_wconf 88' lang='lat' dir='ltr'>Xnos</span> <span class='ocrx_word' id='word_1_304' title='bbox 423 4359 600 4422; x_wconf 89' lang='lat' dir='ltr'>modalitate</span> <span class='ocrx_word' id='word_1_305' title='bbox 626 4362 823 4439; x_wconf 85' lang='lat' dir='ltr'>praescripta</span> <span class='ocrx_word' id='word_1_306' title='bbox 848 4366 1013 4433; x_wconf 86' lang='lat' dir='ltr'>contracta</span> <span class='ocrx_word' id='word_1_307' title='bbox 1042 4377 1164 4442; x_wconf 86' lang='lat' dir='ltr'>semper</span> <span class='ocrx_word' id='word_1_308' title='bbox 1185 4369 1226 4438; x_wconf 74' lang='lat' dir='ltr'>psl</span> 
     </span>
     <span class='ocr_line' id='line_1_37' title="bbox 129 4454 1222 4549; baseline 0.01 -36"><span class='ocrx_word' id='word_1_309' title='bbox 129 4454 235 4521; x_wconf 89' lang='lat' dir='ltr'>validis</span> <span class='ocrx_word' id='word_1_310' title='bbox 252 4469 284 4522; x_wconf 90' lang='lat' dir='ltr'>et</span> <span class='ocrx_word' id='word_1_311' title='bbox 300 4461 448 4545; x_wconf 83' lang='lat' dir='ltr'>legitimis</span> <span class='ocrx_word' id='word_1_312' title='bbox 466 4466 672 4541; x_wconf 82' lang='lat' dir='ltr'>habebantur,</span> <span class='ocrx_word' id='word_1_313' title='bbox 688 4469 904 4533; x_wconf 75' lang='lat' dir='ltr'>neruo-hstanto</span> <span class='ocrx_word' id='word_1_314' title='bbox 918 4467 1020 4549; x_wconf 86' lang='lat' dir='ltr'>quoad</span> <span class='ocrx_word' id='word_1_315' title='bbox 1033 4468 1222 4532; x_wconf 81' lang='lat' dir='ltr'>educationem</span> 
     </span>
    </p>
   </div>
   <div class='ocr_carea' id='block_1_21' title="bbox 0 0 1406 4852">
    <p class='ocr_par' dir='ltr' id='par_1_22' title="bbox 0 0 1406 4852">
     <span class='ocr_line' id='line_1_38' title="bbox 0 0 1406 4852; baseline 0 0"><span class='ocrx_word' id='word_1_316' title='bbox 0 0 1406 4852; x_wconf 95' lang='lat' dir='ltr'> </span> 
     </span>
    </p>
   </div>
  </div>
 </body>
</html>
