2798 4860
580 288 633 330 -‘
656 277 733 352 ase
768 290 829 391 7·
890 303 909 320 ‹·
1031 285 1034 292 ·

107 541 113 547 ,
222 472 382 536 llissionis
400 490 486 535 meae
506 481 742 557 argumentum,
759 481 793 536 ut
809 488 909 553 nuper
925 489 1031 536 coram
1044 471 1180 534 demisse
1198 489 1258 534 ex·

134 580 237 662 plicui,
254 581 373 669 mixtae
391 579 553 660 religionis
580 580 777 644 matrimonia
794 580 994 643 constituunt.
1019 579 1144 658 Exque
1161 578 1252 642 scili-

134 694 184 751 cet
201 690 234 751 in
253 688 410 770 sequelam
429 686 670 752 novissimorum
696 694 875 750 exterorum
903 692 1066 750 eventuum
1083 684 1253 765 apostoliea
1283 712 1288 721 ·

138 778 320 858 sanctitatis
337 796 472 857 Vestrae
489 814 552 859 vox
568 813 626 875 per
643 794 748 858 orbem
766 792 910 868 intonuit,
927 799 1161 883 perspexerunt
1178 791 1253 874 Epi-

138 892 226 982 scopi
251 905 284 966 in
300 901 410 982 Regno
436 901 615 985 ilungariae
643 909 673 964 ot
704 901 924 966 haereditariis
949 899 1072 983 imperii
1092 895 1255 989 'dustriaci

109 1078 112 1082 ,
138 1008 313 1077 Provinciis
329 1009 488 1089 pascendo
503 1006 667 1085 Dominicp
685 1010 777 1092 gregi
790 988 985 1083 insudantes,
1003 1007 1162 1087 vigentem
1178 1006 1257 1088 apud

138 1135 172 1179 se
190 1116 293 1198 quoad
307 1117 361 1180 llla
389 1116 582 1180 concilianda
609 1119 786 1199 praximin
818 1114 919 1181 multis
951 1106 1081 1180 casibus·
1093 1114 1255 1179 Ecclesiae

135 1224 224 1288 Catb.
237 1225 409 1307 principiis,
428 1226 622 1290 sanctionum
633 1228 850 1289 canonicarum
861 1222 1065 1307 praescripto,
1076 1214 1256 1302 etrepetitis
1332 1266 1356 1288 ,.

134 1335 319 1398 sanctitatis
337 1332 474 1397 Vestrae
488 1332 754 1398 declarationibus
770 1333 852 1397 baud
870 1350 1094 1414 usquequaque
1104 1347 1255 1412 congru·
1301 1342 1305 1346 ’

134 1460 196 1515 erc,
215 1441 498 1520 necessitatemque
527 1440 585 1502 sibi
611 1439 785 1520 impositam
803 1447 970 1503 senserunt
996 1439 1033 1501 ad
1050 1438 1254 1529 Sanctitatom

137 1534 279 1610 Vestram
289 1546 501 1620 recurrendi,
528 1565 564 1610 ac
581 1550 612 1610 in
630 1547 839 1629 peculiaribus
856 1547 919 1610 suis
936 1547 1090 1610 adiunctis
1107 1545 1253 1611 Eiusdem
1338 1572 1342 1579 ·

136 1660 226 1735 ope‘m
245 1653 528 1745 benignitatemque
554 1654 761 1735 implorandi,
790 1673 846 1735 pro
863 1653 1053 1728 inviolabili,
1081 1661 1113 1718 ut
1131 1652 1254 1724 debent,
1289 1728 1293 1734 ι

133 1761 350 1842 tutissimeque
367 1777 473 1824 norma
490 1763 636 1834 babituri,
654 1761 802 1843 quidquid
819 1764 857 1825 iis
874 1761 1027 1825 Sanctitas
1045 1760 1157 1825 Vestra
1174 1778 1254 1841 apo·

134 1868 247 1933 stolieo
264 1885 320 1931 suo
347 1871 478 1936 oraculo
502 1871 656 1952 agendum
684 1871 915 1951 tenendumque
932 1869 1141 1951 praeceperit.
1167 1869 1256 1942 Quod
1332 1928 1335 1933 .

137 1985 168 2040 nt
187 1984 334 2067 agerent,
351 1978 418 2056 ipse
434 1979 471 2041 iis
487 1978 698 2059 pientissimus
716 1979 888 2060 imperator
914 1985 944 2039 et
962 1978 1028 2039 Rex
1046 1983 1159 2039 auctor
1177 1993 1251 2036 sva·
1328 2000 1332 2006 ·

136 2103 254 2164 surque
277 2084 344 2148 luit.
378 2083 494 2166 Nempe
520 2092 682 2167 postquam
709 2079 908 2149 Praesulibus'
933 2084 1034 2166 Regni
1065 2082 1252 2164 Hungariae
1347 2122 1351 2129 -

134 2190 309 2272 proximam
320 2193 581 2274 opportunitatem
590 2182 834 2273 postulantibus,
845 2200 877 2254 ut
888 2190 1054 2255 coadunati
1070 2189 1102 2255 in
1118 2189 1252 2253 medium
1345 2269 1348 2279 Ι

132 2299 262 2382 possint·
274 2301 458 2374 consulere,
491 2318 552 2362 non
569 2301 608 2363 de
623 2302 698 2382 ipsis
715 2299 819 2382 quoad
835 2302 930 2365 mixta
955 2296 1147 2362 matrimonia
1163 2280 1251 2376 prin'·

132 2408 235 2491 cipiis,
253 2424 356 2487 neque
373 2406 455 2471 enim
472 2407 509 2469 de
526 2409 587 2472 illis
604 2408 697 2472 ullum
715 2407 957 2473 subversabatur
974 2405 1111 2481 dubium,
1138 2402 1195 2468 sed
1212 2406 1251 2468 dc
1285 2409 1289 2418 '

131 2514 280 2580 uniformi
300 2514 389 2579 modo
408 2517 517 2580 eadem
543 2516 622 2580 eitra
647 2516 740 2580 ullam
759 2515 1012 2595 'acatholicorum
1029 2513 1262 2590 irritationem,
1342 2596 1345 2601 .

132 2623 340 2704 publicaeque
356 2623 590 2705 tranquillitatis
610 2626 876 2704 perturbationem
902 2618 1077 2703 exequendi
1104 2653 1143 2664 -
1170 2617 1250 2703 Epi·
1269 2663 1273 2671 ·
1335 2606 1362 2697 ἶ,

135 2737 253 2811 scopus
270 2730 651 2814 Magno-Varadinensis,
669 2731 718 2799 vir
735 2733 885 2806 eximius,
903 2732 991 2801 cuius
1008 2729 1140 2804 honoris,
1154 2744 1249 2791 causa
1280 2722 1305 2783 ⁸.
1326 2738 1330 2743 ”
1380 2804 1386 2813 ι

101 2918 104 2928 Ι
137 2837 274 2915 memini,
297 2839 329 2902 in
347 2840 448 2902 mixtis
466 2840 688 2931 matrimoniis,
713 2840 873 2920 inquibus
899 2820 1032 2929 sponsus
1059 2833 1251 2900 acatholicus
1272 2908 1277 2913 ,
1353 2861 1381 2884 v

133 2947 172 3017 de
191 2943 346 3009 catholica
372 2948 504 3010 omnium
522 2947 749 3012 nasciturorum
764 2949 896 3030 prolium
913 2944 1098 3010 educatione
1125 2945 1252 3025 praevie
1344 2962 1349 2969 ¹

128 3070 246 3114 cavero
262 3054 468 3125 recusaverit,
483 3071 543 3134 per
558 3051 680 3116 Clarum
698 3072 787 3118 suum
804 3055 850 3116 sic
867 3052 978 3116 dictam
994 3051 1150 3141 passivam
1163 3051 1247 3139 assi·
1272 3054 1275 3059 ’
1334 3048 1354 3117 ²:

127 3161 276 3225 stantiam
293 3161 436 3243 praeberi
455 3154 838 3243 disposuisset,.indeque‚
864 3162 897 3224 in
915 3159 1057 3240 proxime
1073 3156 1247 3219 terminatis

127 3267 231 3349 liegni
247 3264 386 3335 Comitiis
402 3268 589 3350 gravissima
604 3269 636 3330 in
653 3287 722 3331 eum
739 3268 873 3331 violatae
884 3270 1004 3349 patriae
1014 3265 1095 3348 legis
1106 3262 1249 3348 postula-

127 3379 201 3445 tum',
220 3375 314 3454 inque
332 3381 456 3457 eeteros
475 3374 647 3457 Episcppos
664 3354 883 3457 aequissimam
894 3374 1041 3456 Collegae
1059 3375 1106 3435 sui
1121 3388 1259 3450 eausam·
1303 3456 1308 3463 ι

126 3501 185 3563 pro
202 3480 287 3548 virili
301 3481 521 3546 'defendentes
537 3485 649 3548 luisset
666 3492 774 3548 coorta
793 3489 974 3565 tempestas,
999 3498 1122 3561 unaque
1138 3477 1250 3541 eodem

124 3597 270 3668 tempore
297 3589 472 3670 eonrplures
498 3589 721 3672 Cisalpinaruru
747 3590 978 3654 Austriacarum
1004 3586 1260 3669 ditionum'Epis
1336 3602 1339 3606 ’

123 3695 215 3777 scopi
234 3694 357 3758 Cleruru
374 3714 462 3759 suum
479 3698 516 3758 ab
535 3701 616 3760 omni
634 3701 666 3761 in
684 3699 786 3761 mixtis
803 3696 1026 3771 matrimoniis,
1058 3699 1095 3773 si,
1110 3711 1244 3777 sponsus

122 3802 319 3865 acatholicus
329 3803 530 3875 Reversales,
542 3787 636 3868 secus
655 3805 779 3886 legibus
799 3805 921 3868 illarum
938 3805 1089 3869 ditionum
1105 3784 1244 3884 ignotas,

124 3911 205 3972 dare
223 3917 399 3984 recusaret,
417 3912 596 3975 interventu
607 3913 795 3989 inhiberent,
813 3897 896 3994 quod
915 3912 960 3975 eis
977 3929 1038 3975 nec
1052 3909 1249 3973 benedictio·
1304 3974 1307 3981 ,
1328 3890 1332 3895 ’

122 4036 196 4079 nem
216 4014 314 4078 salvis
328 4011 495 4080 'Ecclesiae
522 4020 680 4099 principiis
698 4019 810 4096 tribui,
836 4037 894 4082 nec
912 4019 1121 4106 assistentiam
1139 4002 1246 4099 passi·
1330 4004 1336 4012 ’

121 4142 195 4184 earn
214 4122 336 4186 iniussu
352 4122 443 4187 Sedis
461 4126 665 4206 Apostolicae
691 4130 832 4210 praeberi
859 4143 955 4208 posse
971 4104 1249 4209 persuaderentur,

121 4231 264 4310 lrincque
281 4232 382 4308 quoad
410 4233 505 4293 ntixta
531 4235 727 4298 matrimonia
751 4235 784 4298 in
800 4237 967 4299 obversum
984 4233 1088 4314 legum
1107 4231 1244 4296 civilium
1295 4248 1297 4253 ·

121 4344 345 4417 vetustamque
371 4343 491 4421 praxim
517 4360 574 4404 suo
601 4344 731 4406 arbitrio
757 4342 965 4423 impedirent,
991 4342 1051 4422 ipsi
1068 4340 1252 4421 Glcrnsque·

121 4462 234 4508 eorum
252 4448 405 4511 acerrima
422 4448 558 4538 undique
574 4453 820 4541 impeterentur,
844 4451 877 4529 in
893 4451 952 4543 boc
973 4428 1125 4536 perplexo
1143 4430 1246 4512 rerum
1347 4446 1351 4463 ²
