2798 4852
502 298 740 377 -srl-

54 493 120 559 duo
137 492 266 559 Judic'es
291 495 494 570 simultanee,
521 503 573 561 aut
594 498 761 576 separatim
780 495 818 581 de
836 516 899 561 uno
918 497 1092 577 eodemque
1113 517 1181 561 me-

54 603 119 665 rito
137 603 323 666 sententiam
342 602 479 694 dicant,¹
491 603 546 666 sed
572 601 675 666 Judex
698 606 861 685 superior,
888 606 938 684 qui
957 610 1005 668 εει
1021 602 1179 667 ecclesia-

56 711 180 786 sticus3
208 708 328 773 demum
345 728 385 773 err
401 713 467 790 ipsa
483 716 592 774 natura
608 710 675 783 rei,
703 718 738 773 et
752 713 838 773 iuxta
857 713 960 774 tritum
976 711 1071 775 illud:
1097 729 1180 788 „ac-

55 815 233 880 cessorium
258 819 398 897 sequitur
425 835 512 880 suum
538 816 741 898 principale“,
767 834 860 883 causa
886 821 1119 883 matrimonialis
1139 821 1177 883 ad

54 920 144 984 illum
160 921 299 986 iudicem
329 924 499 987 deferenda
518 932 583 998 est,
609 924 645 986 ad
671 944 761 1006 quem
778 925 912 1006 pertinet
929 925 1070 989 iudicare
1088 927 1127 989 de
1143 946 1180 991 re

55 1047 99 1091 ex
116 1027 235 1093 duabus
252 1029 391 1112 graviori
409 1038 440 1093 ει
456 1032 644 1105 sublimiori,
661 1032 759 1113 qualis
778 1041 825 1096 est
842 1040 929 1097 certe
946 1031 1178 1098 Sacramentum

53 1143 204 1218 respectu
231 1143 408 1201 contractus
434 1139 545 1201 civilis.
580 1139 618 1202 Ut
633 1141 712 1204 adeo
731 1140 846 1204 nullum
869 1142 992 1205 dubium
1010 1159 1081 1206 essa
1098 1160 1176 1222 pos-

56 1244 121 1316 sit,
139 1243 306 1308 iudicatum
323 1245 361 1308 de
379 1246 482 1309 carisis
510 1248 779 1311 matrimonialibus
805 1249 842 1311 ad
869 1249 969 1312 solum
995 1257 1026 1311 ει
1049 1253 1175 1314 unicum
1233 1274 1237 1278 ·

55 1349 174 1414 Forum
189 1351 312 1413 Eccles.
338 1350 585 1430 catholicorum,
601 1372 674 1417 -nou
701 1362 803 1418 autem
828 1373 887 1418 uua
915 1364 946 1418 et
970 1356 1071 1420 iorum
1094 1359 1176 1445 Pro·
1278 1418 1284 1428 .

57 1459 241 1520 testantium
258 1458 396 1522 derivari
415 1459 541 1524 debere.
575 1459 640 1523 Nec
658 1469 725 1535 est,
743 1482 798 1525 cur
815 1482 856 1524 ex
874 1462 945 1527 bino
963 1464 1179 1527 Protestautes

56 1584 234 1648 gravamen
259 1566 413 1629 lorment:
442 1571 540 1647 primo
558 1572 637 1633 enim
657 1572 793 1635 scientes
812 1579 841 1634 et
858 1589 987 1653 prorsus
1004 1573 1102 1636 libera
1120 1590 1178 1635 vo·

54 1673 175 1737 laniate
201 1676 337 1738 inierunt
364 1676 544 1758 coniugium
570 1695 638 1740 cum
665 1681 811 1761 personis
836 1678 1020 1757 catholicis,
1046 1679 1177 1762 dignum

19 1767 147 1861 'proin
173 1790 241 1856 est,
273 1790 305 1845 ut
330 1801 398 1845 cum
425 1785 615 1847 accessoriis
648 1785 880 1849 matrimonialis
914 1785 1004 1848 buius
1040 1786 1180 1849 foederis

54 1906 158 1970 aeque
185 1890 321 1952 contenti
349 1891 412 1952 siut
439 1891 523 1952 iuxta
540 1889 633 1953 illud:
661 1892 793 1964 „scicmi
818 1909 879 1954 non
901 1890 934 1952 lit
951 1892 1060 1953 iniuria
1078 1909 1181 1973 neque
1209 1932 1212 1937 ·

58 1993 195 2074 dolus“;
220 1997 291 2059 dein
318 1999 486 2061 occasione
511 1996 617 2060 iudicii
643 2015 739 2080 super
764 1999 966 2060 matrimoniis
994 1999 1098 2060 mixtis
1125 2016 1182 2079 per

54 2102 128 2167 lora
145 2103 367 2167 Ecclesiastico
395 2103 554 2168 Catholica
579 2112 727 2186 respectu
752 2107 849 2186 partis
875 2106 1124 2184 protestanticae
1142 2105 1181 2167 de
1211 2110 1215 2119 “

56 2210 140 2274 nulla
159 2211 218 2274 alia
235 2229 270 2275 re
286 2210 387 2273 lertur
404 2214 568 2286 sententia,
582 2230 672 2295 quam
684 2211 721 2274 de
732 2231 781 2286 eo,
792 2220 1057 2276 nuru'cantractus
1074 2211 1182 2274 matri·
1200 2270 1204 2280 ,

58 2317 202 2382 monialis
220 2322 250 2382 in
270 2323 484 2401 quaestionem
502 2328 633 2385 vocatus
650 2321 771 2385 validus
789 2322 840 2395 sit,
858 2338 916 2383 nec
932 2321 999 2383 ue?
1016 2339 1086 2384 num
1104 2336 1183 2382 oon·
1264 2400 1266 2404 Ι

59 2425 231 2513 ditionibus
246 2426 328 2489 illias
345 2436 436 2510 parte
453 2447 494 2491 ex
509 2436 642 2509 utraque
661 2410 736 2491 satis
753 2430 792 2491 sit
808 2428 940 2501 iactum,
959 2446 998 2491 an
1015 2429 1105 2491 non?
1123 2427 1173 2489 Ad

54 2550 206 2597 summum
221 2535 326 2614 itaque
343 2535 374 2598 id
391 2537 452 2598 dici
468 2543 595 2618 posset,
613 2535 827 2599 Protestautes
843 2512 903 2597 irco
920 2537 951 2597 iu
970 2551 1046 2596 casu
1062 2533 1179 2596 eodem

49 2641 125 2704 iure
151 2640 284 2704 lormare
310 2659 398 2704 suum
423 2659 612 2725 gravamen,
648 2659 708 2724 quo
738 2641 887 2705 formaret
911 2640 963 2702 ille
989 2639 1179 2710 Catholicus,
1226 2729 1229 2733 y

57 2748 110 2831 qui
128 2750 159 2810 iu
175 2767 328 2831 processu
353 2749 435 2813 civili
462 2747 585 2813 iudicio
612 2750 853 2814 Protestantium
871 2753 954 2809 stare
981 2749 1116 2830 cogitur.
1134 2779 1179 2790 -

56 2856 344 2920 Nonadtertiam:
376 2877 446 2921 nam
473 2860 592 2921 etiamsi
619 2850 1127 2921 datonouconcessodoctrina'e
1148 2862 1180 2916 et
1248 2866 1251 2871 ·
1346 2862 1349 2867 ’

59 2965 232 3033 canonibus
250 2964 476 3027 Catholicorum
502 2981 564 3027 non
589 2971 799 3047 repugnaret,
826 2971 859 3024 ut
885 2980 999 3025 causae
1017 2965 1178 3025 matrimo-

59 3071 162 3134 niales
188 3071 240 3145 ,vel
272 3068 394 3154 aliquae
421 3071 472 3133 vel
499 3089 608 3135 amnes
632 3070 669 3133 ad
696 3070 764 3134 lora
791 3069 947 3158 secularia
973 3068 1179 3149 relegentur:
1237 3140 1241 3147 p

59 3180 140 3242 lianc
166 3185 269 3241 tamen
293 3178 538 3259 relegationem,
565 3178 696 3242 articulo
722 3175 776 3239 40.
795 3195 822 3239 a.
844 3173 939 3257 1791,
959 3175 1096 3256 alioquin
1114 3174 1178 3236 ad-

58 3305 202 3360 versam,
231 3305 290 3369 ope
315 3289 391 3350 novi
417 3286 540 3349 articuli
561 3284 762 3368 pronunciari
793 3299 855 3375 non
887 3283 1049 3366 postulant
1081 3282 1183 3343 ratio·

16 3482 21 3491 ¹
55 3412 113 3458 nes
152 3394 243 3472 illae,
282 3413 361 3475 quae
392 3395 423 3456 in
455 3395 594 3477 projecto
626 3387 722 3476 legis}¹
739 3390 915 3456 huiusmodi
947 3391 1003 3453 sub
1035 3385 1179 3453 Comitiis

59 3519 87 3564 a.
119 3501 213 3564 l8ll.
241 3505 427 3566 concinnato
454 3499 655 3580 adferuntur5
688 3503 828 3565 rationes
855 3499 967 3581 quippe
994 3499 1036 3560 ibi
1055 3496 1189 3559 adlatae‘
1236 3546 1249 3557 .,

58 3610 136 3674 nihil
153 3622 287 3692 prorsus
304 3613 436 3692 probaui
452 3610 553 3690 quoad
569 3610 704 3683 rem,in
722 3608 812 3673 cuius
828 3606 1019 3690 praesidium
1035 3588 1212 3688 allegan—¹
1263 3647 1286 3703 Ι.
1322 3640 1326 3648 -
1363 3606 1366 3611 ’

57 3726 118 3782 tur.
144 3718 221 3781 Sunt
240 3725 341 3780 autem
359 3720 442 3780 iuxta
462 3715 557 3779 verba
574 3717 724 3799 projecti:
750 3718 940 3780 acceleratio
966 3732 1080 3778 corsos
1098 3731 1183 3774 coo·

55 3844 165 3888 soram
200 3825 497 3902 matrimonialium,
527 3824 713 3905 praecautio
749 3824 949 3888 collisionum
985 3824 1069 3883 inter
1095 3823 1182 3884 cioca
1251 3809 1255 3815 ⁵

57 3937 206 3997 diuersae
223 3934 399 4015 religionis,
419 3940 448 3994 ει
464 3941 622 3995 sauriniani
639 3932 822 3996 baiasmodi
836 3919 938 3993 titiam
951 3928 1180 4009 compendium.
1303 3923 1307 3930 “

57 4042 138 4105 Nihil
157 4040 265 4103 borum
286 4041 497 4117 obtinebitur,
524 4041 647 4103 etiamsi
664 4057 779 4103 causae
797 4037 1040 4102 matrimoniales
1058 4035 1097 4097 ad
1113 4035 1182 4099 lora
1239 4068 1242 4073 ·
1318 4037 1320 4045 '

57 4148 212 4211 secularia
242 4148 405 4229 relegatae
431 4149 558 4214 luerint.
583 4147 650 4217 Noa
675 4147 865 4213 acceleratio
882 4163 994 4233 curaris
1012 4162 1183 4225 occisarum

55 4244 356 4319 raatrimoaioiiam:
373 4272 543 4335 processus
561 4257 642 4318 enim
659 4256 690 4317 in
707 4253 839 4320 Sedibus
857 4250 1076 4334 spiritualibus
1094 4251 1179 4314 nullo

57 4370 276 4444 contempero
302 4361 473 4427 decurrere
502 4371 651 4444 possunt,
685 4363 756 4425 dum
779 4360 811 4425 iu
837 4360 905 4422 loro
932 4359 1068 4423 seculari
1094 4360 1184 4421 statis
1230 4386 1233 4393 ·
1275 4412 1282 4417 .

59 4470 159 4543 solum
176 4470 389 4554 temporibus3
415 4488 512 4553 porro
540 4470 607 4536 lora
635 4469 808 4562 spiritualia
825 4468 925 4550 magis
943 4474 1074 4549 paterno
1094 4483 1183 4546 quam
1220 4552 1223 4557 .
