2798 4852
631 85 840 161 ..50-

172 300 245 349 nem
260 282 374 349 illustr.
391 278 559 357 Praescia,
578 298 643 347 non
657 286 776 347 tantum
792 285 925 347 revocat
940 280 974 347 in
989 260 1174 345 memoriam
1190 280 1286 347 omni
1296 322 1357 345 -

170 388 230 467 hus
247 389 433 457 venerandis
448 378 671 472 parochialium
695 388 902 454 ecclesiarum
927 388 1104 453 rectoribus
1121 404 1359 473 eorumque

170 500 444 585 viceagerentibus
460 498 602 564 strictam
628 498 677 562 sui
701 515 796 581 supra
818 496 904 561 citati
920 496 1070 580 rescripti
1086 496 1302 562 observatio
1315 544 1357 564 -

170 623 260 683 nem,
286 607 343 671 sed
368 607 496 688 insuper
512 605 732 690 praesentibus
749 605 912 689 prohihet,
937 622 977 669 ne
994 603 1077 670 ullus
1093 602 1255 669 sacerdos
1282 612 1351 685 in

170 712 312 779 dioecesi
327 712 547 779 Podlachiensi
563 711 675 777 audeat
691 712 799 777 talium
815 712 961 778 diuersae
985 713 1150 797 religionis
1176 728 1347 794 perso.

169 840 281 889 narum
304 822 407 887 banna
430 821 649 906 promulgare,
677 828 844 903 antequam
866 821 982 886 haheat
997 820 1147 886 traditam
1163 821 1229 885 sibi
1246 819 1289 889 (Ι
1304 834 1341 897 i.

161 929 405 1015 sponsationem
422 930 459 993 ah
476 929 623 1003 haeresi,
649 926 810 994 obtentam
830 928 927 993 Roma
944 930 995 993 vel
1012 930 1051 993 ab
1068 927 1114 993 lll.
1133 928 1337 1018 11111111,

170 1036 224 1121 qui
240 1034 281 1101 de
296 1037 468 1103 obtinenda
489 1055 548 1121 pro
565 1055 601 1101 sc
617 1036 677 1099 hac
693 1037 796 1120 gratia
814 1037 997 1118 petitionem
1021 1054 1109 1103 snam
1126 1035 1165 1101 ad
1183 1034 1333 1107 Sedena

168 1142 279 1225 Apost
304 1146 476 1209 transmisit
501 1143 609 1226 primis
635 1143 746 1209 dicbus
771 1143 890 1229 Aprilis
911 1163 937 1208 a.
955 1164 982 1207 c.
1009 1147 1059 1210 via
1085 1145 1256 1227 diplomati
1267 1169 1329 1215 ca.
1393 1124 1397 1149 ³

168 1248 255 1315 llaec
267 1242 373 1335 'autem
391 1253 547 1318 ordinatio
565 1259 648 1315 tanto
666 1260 715 1317 est
731 1254 865 1332 iustior,
891 1254 977 1335 qnod
998 1256 1115 1319 nitatur
1131 1259 1326 1336 sequenti·
1380 1246 1390 1339 ξ’

169 1361 229 1425 bus
246 1360 341 1425 claris
357 1363 483 1426 statutis
501 1367 631 1425 sanctae
649 1360 811 1429 Ecclesiae
827 1360 1029 1427 Catholicae:
1057 1361 1086 1425 1.
1107 1360 1219 1427 Bullae
1234 1362 1323 1425 Ur·

169 1468 244 1535 bani
259 1465 338 1532 Vlll.
355 1468 410 1533 PP.
427 1467 467 1532 de
485 1469 536 1533 die
553 1467 692 1533 301111.
712 1468 808 1533 1624.
826 1488 906 1553 quae
922 1472 1048 1551 incipit:
1066 1470 1179 1547 „Licet
1196 1469 1321 1553 proha
1390 1512 1398 1547 :

170 1581 331 1642 teneamus
347 1576 573 1643 catholicorum
591 1574 661 1641 c'um
676 1578 846 1642 haereticis
872 1580 1068 1643 matrimonia
1093 1578 1223 1643 omnino
1249 1574 1318 1639 sn·
1386 1622 1396 1653 ,.

168 1684 286 1765 gienda
303 1703 385 1760 esse,
403 1693 434 1749 et
452 1693 599 1769 quantum
616 1687 648 1751 in
664 1688 757 1751 nohis
774 1694 832 1761 est,
850 1706 868 1750 a
885 1686 1039 1752 catholica
1055 1686 1202 1751 Ecclesia
1218 1696 1319 1769 pro·
1388 1722 1398 1733 -

167 1790 220 1857 cul
236 1810 348 1858 arcere
364 1793 594 1860 intendamus.“
616 1794 646 1859 2.
663 1794 769 1859 Bullae
786 1794 957 1859 Clementis
972 1792 1023 1858 lil.
1040 1795 1095 1859 PP.
1112 1791 1153 1859 de
1171 1794 1224 1859 die
1251 1781 1317 1853 2¹·

166 1898 237 1965 lnn.
256 1900 352 1963 1706.
378 1919 459 1984 quae
485 1897 612 1984 incipit:
638 1902 789 1979 „Maioris
812 1902 959 1966 momenti
976 1920 1048 1968 esse
1065 1904 1260 1967 existimant
1269 1906 1319 1963 ¹¹⁸·
1366 1900 1397 1969 ’.

167 2006 332 2074 Ecclesiae
348 2007 425 2085 Dei,
450 2010 560 2090 Apost.
586 2008 694 2082 Sedis,
721 2009 1008 2075 Praedecessorum
1032 2017 1236 2085 nostrorum,
1295 2002 1320 2059 ⁸¹
1372 2067 1388 2073 .

167 2131 329 2181 sacrorum
348 2133 503 2183 canonum
519 2135 537 2180 a
554 2116 779 2181 catholicorum
797 2136 867 2181 cum
883 2117 1052 2182 haereticis
1068 2115 1220 2202 coniugio
1240 2105 1321 2177 al·

167 2224 359 2289 horrentium
376 2225 525 2308 regulas,
551 2226 612 2290 nisi
627 2224 659 2287 id
677 2227 771 2290 totius
790 2224 982 2290 christianae
1007 2225 1215 2309 Reipublicae
1230 2224 1321 2291 bo·
1359 2276 1364 2294 .
1382 2275 1384 2278 ⁴

166 2349 240 2395 num
255 2337 419 2412 exposcat,
435 2349 498 2394 non
515 2332 729 2415 transgredi.“
746 2331 776 2397 3.
788 2331 895 2397 Bullae
913 2332 1050 2397 eiusdem
1060 2330 1231 2399 Clementis
1255 2317 1320 2393 21·
1348 2370 1365 2391 .-

167 2435 437 2503 1111111114.
458 2438 553 2503 1707.
570 2439 689 2520 editae,
705 2459 784 2524 qnae
800 2441 926 2523 incipit:
954 2440 1118 2515 „Ecclesia
1135 2438 1321 2526 siquiden
1396 2495 1399 2500 .

167 2545 206 2608 ab
222 2546 399 2613 huiusmodi
416 2549 581 2631 coniugiis,
599 2567 678 2631 quae
688 2548 853 2632 plurimum
870 2548 1088 2623 deformitatis,
1105 2567 1166 2612 nec
1183 2552 1320 2634 par!lm
1372 2564 1377 2647 j

167 2654 339 2733 spiritualis
356 2656 491 2738 periculi
507 2657 736 2741 praescierunt,
754 2655 935 2721 abhorret‘*
956 2656 987 2719 4.
1005 2654 1111 2720 Bullae
1127 2640 1319 2721 Benedicti
1363 2670 1381 2716 r

167 2760 528 2829 xtvneneanov.
549 2762 786 2839 11411111,
813 2782 893 2846 quae
918 2764 1045 2848 incipit:
1070 2763 1214 2839 „norem
1247 2758 1318 2827 ir·
1365 2718 1380 2823 1

166 2870 273 2952 primis
290 2856 381 2956 qnam
399 2874 530 2937 :naxime
547 2870 703 2938 Sanctitas
721 2870 802 2947 Sua,
828 2891 900 2937 csse
918 2872 1000 2936 inter
1016 2870 1214 2953 catholicos,
1248 2855 1318 2943 qli

165 2981 276 3044 insano
294 2999 401 3045 amore
418 2984 550 3064 turpiter
577 2980 769 3055 dementati,
786 2981 824 3044 ah
840 2980 929 3045 hisce
946 2980 1189 3045 detestabilibus
1206 2996 1265 3047 co
1273 2984 1318 3033 ¹¹⁶
1378 2984 1389 3051 '·.

165 3089 278 3163 nubile,
296 3108 376 3172 quae
392 3087 422 3152 S.
441 3089 539 3153 llater
555 3089 697 3153 Ecclesia
714 3095 867 3173 perpetuo
886 3090 1054 3163 damnavit,
1072 3096 1167 3172 atque
1180 3089 1320 3152 inter·
1386 3092 1394 3139 i

165 3196 263 3269 dixit,
290 3214 331 3258 ex
355 3196 458 3260 animo
483 3213 547 3260 non
573 3196 764 3273 abhorrent,
790 3204 821 3260 et
836 3214 968 3282 prorsus
988 3197 1049 3261 sibi
1065 3190 1325 3261 abstinendut¹¹
1392 3220 1398 3269 ς

165 3322 229 3368 non
246 3303 395 3369 ducunt.“
413 3307 443 3367 5.
463 3302 568 3368 Bullae
585 3303 746 3369 Benedicti
762 3304 842 3369 xlv.
870 3306 989 3370 11129.
1006 3305 1079 3369 Jun.
1100 3303 1200 3367 1748.
1217 3286 1329 3367 οᾶἱ·

165 3416 216 3475 tae
240 3409 278 3473 ad
295 3411 478 3487 Primatem‚
505 3409 639 3495 AEppos
667 3420 699 3476 et
724 3411 831 3497 Eppos
856 3414 1025 3487 Poloniae‚
1051 3398 1329 3495 111111411νὶιι
1393 3478 1396 3485 ,

164 3514 319 3602 „llagnae
346 3518 437 3584 nobis
464 3519 679 3584 admirationis
707 3538 767 3584 nec
793 3520 921 3585 minoris
947 3520 1065 3586 doloris
1097 3539 1197 3585 causa
1222 3499 1336 3585 iufl’

165 3626 248 3708 qnod
265 3646 305 3689 ex
321 3625 551 3709 lidcdignorum
566 3626 755 3691 relatione.“
774 3627 804 3689 6.
822 3627 937 3691 Literis
954 3628 1127 3709 encyclicis
1144 3612 1341 3693 eiusdeffl

164 3732 512 3797 remunerandae.
529 3733 719 3818 nuptias.
737 3735 774 3797 au
793 3735 968 3814 Primatcm,
986 3735 1118 3817 neppos
1134 3742 1168 3799 er
1186 3712 1348 3818 npp0⁵

162 3840 297 3908 Polonos
313 3838 464 3913 directis.
492 3860 572 3924 quae
589 3843 760 3923 incipiunt:
786 3841 858 3918 „Ad
884 3858 958 3906 suas
974 3859 1083 3905 manns
1099 3820 1355 3922 pervenis9⁰

163 3965 326 4033 speramus
343 3950 506 4031 epistolam
524 3957 663 4013 nostram
681 3950 906 4030 encyclicarn.“
932 3948 962 4012 7.
990 3950 1270 4017 Praemonitionis
1331 3923 1366 3973 ο

164 4055 247 4121 sm:
262 4056 448 4141 apostatica
465 4058 515 4122 uie
531 4057 563 4121 4.
580 4057 655 4121 neo.
675 4056 771 4122 4111.
799 4077 870 4122 oum
886 4057 1122 4141 dispensatione
1139 4060 1172 4123 m
1189 4025 1377 4125 rard*

162 4161 273 4231 Breuis
290 4164 330 4229 ad
345 4165 390 4230 lll.
408 4173 547 4230 nostrum
569 4166 748 4231 Praesulem
775 4166 990 4235 transmissae.
1016 4165 1147 4231 Domum
1172 4164 1206 4231 8.
1223 4142 1394 4244 119,

164 4272 277 4359 :crepa
293 4274 527 4341 commissam
545 4273 745 4340 supernans
771 4272 1136 4340 laureacenses.
1160 4254 1354 4343 raram!
1392 4259 1396 4265 ’
