2798 4860
495 281 497 286 ·
569 236 631 333 ·³-
660 258 813 396 aaa-

581 544 681 655 Α622.
704 582 791 656 aaa.

123 750 267 808 Decreta
279 749 383 823 Regia
405 766 466 825 pro
488 753 649 826 explenda
662 754 744 812 omli
768 758 986 829 promissione
1012 759 1051 816 de
1065 761 1252 843 ¹educandis
1295 813 1297 818 ,

397 844 428 900 ln
442 841 505 902 ilde
518 838 610 902 calli(
616 844 766 917 prolibus
780 847 875 906 lacta.
888 849 981 908 risu.
1063 922 1066 926 ⁴
1127 919 1133 930 Ι

221 1011 256 1081 a)
282 1007 424 1085 illustres
450 1019 508 1075 ete.
533 1000 794 1088 lnnctuit'noluis,
822 1015 954 1096 qualiter
970 1014 1048 1082 Baro
1072 1017 1248 1099 Stephanus

125 1115 240 1178 Daniel
260 1117 378 1197 prolem
396 1135 481 1182 suam
507 1138 548 1183 ex
565 1127 711 1184 consorte
728 1138 785 1184 sua
803 1119 890 1189 Com..
905 1122 995 1187 Anna
1013 1120 1115 1188 Mikes
1132 1110 1248 1188 catho-

126 1221 188 1284 lica
217 1230 383 1286 neonatam
408 1242 471 1289 non
495 1225 638 1292 obstante
656 1233 687 1290 et
712 1226 803 1290 nobis
818 1225 1172 1313 iactaappromissicnc
1191 1216 1246 1294 sua

127 1338 159 1393 et
173 1329 378 1410 praelucente
396 1332 532 1416 benigna
549 1333 744 1397 ordinatione
760 1342 882 1413 nostra,
896 1335 1117 1417 Capelianique
1135 1325 1248 1399 catho-

127 1424 182 1499 lici
200 1435 238 1498 ad
257 1445 359 1502 actum
376 1439 519 1521 baptismi
536 1441 573 1504 ab
590 1441 746 1523 Episcopo
762 1426 893 1524 praevie
910 1440 1044 1506 ordinati
1060 1445 1248 1526 praesentia,

129 1563 189 1626 per
206 1542 378 1609 llinisirum
395 1546 484 1610 Helu.
503 1547 590 1611 Cani.
610 1545 802 1615 addictorum
819 1547 979 1612 e·x·vicino
996 1565 1081 1631 pago
1098 1549 1248 1629 adscitum

128 1669 208 1719 arun
233 1653 326 1734 plane
351 1655 518 1719 temerario
535 1655 633 1720 Sacro
658 1655 850 1738 baptismatis
876 1655 961 1719 fonte
987 1656 1105 1721 initiari
1122 1657 1246 1721 lecerit.

128 1759 175 1820 Ne
192 1762 299 1843 itaque
316 1761 430 1823 lactum
447 1761 507 1826 hoe
525 1754 686 1824 memorati
702 1761 833 1825 Barunis
847 1777 997 1826 summam
1010 1750 1098 1845 quasi
1114 1766 1247 1828 temeri-

128 1872 223 1929 tatem
241 1875 272 1930 et
289 1875 479 1932 contemtum
494 1868 698 1952 benignarum
715 1867 946 1962 ordinationum
961 1877 1138 1953 nostrarum
1150 1871 1266 1934 redo-¹

128 1975 197 2037 lens
215 1968 245 2038 ia
266 1970 485 2041 scandalcsum
503 1978 722 2060 impunemque
740 1965 1162 2058 abeateaemplilrcatlorrem,
1180 1978 1247 2042 cle·
1335 2020 1337 2028 ·

130 2088 250 2146 menter
266 2084 427 2148 iubemus:
446 2092 480 2146 ui
499 2085 565 2148 llos
586 2081 779 2147 Gubernium
795 2090 936 2146 nostrum
951 2083 1081 2166 Regium
1097 2086 1200 2148 statim
1217 2092 1249 2149 et

130 2190 168 2252 de
186 2192 270 2254 iacto
287 2191 365 2254 duos
381 2189 631 2271 Commissarios,
643 2191 772 2255 alierum
784 2191 905 2274 quidem
916 2189 1091 2272 Religionis
1108 2192 1249 2256 Catholi-

130 2316 205 2370 cae,
224 2299 354 2361 alterum
371 2315 447 2361 vero
464 2297 552 2362 Conl.
569 2297 769 2376 Helveticae,
786 2316 804 2361 e
820 2297 944 2382 gremio
961 2296 1125 2363 actualium
1141 2296 1247 2362 'labu-

128 2405 178 2470 lae
195 2412 324 2469 nostrac
340 2397 459 2489 Regiae
475 2404 655 2469 iudiciariae
671 2405 878 2470 assessorum
896 2406 1116 2483 denominetis,
1130 2396 1164 2468 'in
1175 2406 1249 2469 cir·
1266 2440 1268 2447 ι

127 2513 333 2601 cumstaniias
343 2559 352 2591 ,
379 2518 551 2595 ceteraque
568 2511 732 2586 adiuncta,
751 2531 831 2594 quae
848 2519 950 2576 actum
968 2513 1050 2579 hunc
1068 2515 1135 2576 sive
1151 2532 1248 2595 prae-

129 2617 315 2692 cesserunt,
342 2621 410 2683 sive
426 2615 598 2683 consecuta
615 2627 705 2697 sunt,
730 2620 1003 2684 accersitisetiam
1018 2623 1247 2684 remeatiouatu

128 2728 263 2805 Barcae,
279 2727 446 2811 Capeliano
464 2721 638 2803 Catholicc,
655 2727 800 2807 Ministro
817 2729 890 2792 item
906 2728 1097 2812 baptisante,
1115 2728 1250 2808 aliisque

129 2833 284 2914 omuibus,
301 2835 352 2915 qai
370 2834 491 2922 qualem
507 2835 630 2918 qualem
647 2835 695 2899 rei
713 2834 801 2899 huius
817 2836 958 2899 notitiam
974 2833 1092 2899 habere
1108 2841 1248 2915 possent,

128 2943 269 3024 genuine
295 2942 517 3022 inquisituros,
545 2958 685 3023 opusque
714 2941 867 3005 eiusmodi
890 2940 1103 3023 inquisitionis
1128 2939 1249 3006 adiecta

129 3051 277 3131 opinione
294 3057 401 3115 vestra
420 3049 520 3132 quoad
537 3047 768 3135 poenalitatem
786 3053 817 3109 et
833 3029 949 3111 Baron'i
966 3047 1123 3126 Stephano
1140 3044 1249 3109 Daniel

128 3156 170 3219 oh
186 3158 494 3224 temerariumsuum
513 3172 630 3227 ausum,
648 3162 679 3218 et
697 3153 859 3229 Ministro,
878 3152 958 3235 quod
977 3157 1087 3216 contra
1103 3153 1248 3231 palilica-

128 3270 194 3328 ium
208 3265 240 3329 in
256 3258 309 3330 illo
326 3265 503 3346 Principatu
521 3272 630 3330 nostro
645 3240 846 3327 interdicium
864 3268 1005 3324 nostrum
1023 3263 1136 3351 egerit,
1162 3257 1248 3323 inlli-

128 3372 265 3455 gendam
290 3366 372 3437 iutra
398 3381 532 3454 quatuor
555 3370 828 3435 hebdomadarum.
851 3371 985 3450 spatium
1001 3367 1150 3431 inomisse
1168 3367 1246 3431 sub-

130 3479 277 3553 mittatis,
299 3497 363 3544 uua
379 3472 531 3543 rationem
547 3479 678 3542 huiusce
691 3476 765 3540 lacti
781 3495 798 3537 a
817 3472 1110 3556 saepefatoqucque
1126 3469 1249 3538 Barcae

132 3587 275 3650 exacturi
292 3593 323 3647 el
340 3587 429 3650 nobis
447 3585 722 3668 repraesentaturi.
748 3578 1022 3661 Datumllienna'c,
1041 3578 1248 3646 dicarem.

134 3690 228 3754 1780.

160 3872 167 3891 Ι
223 3903 259 3983 b)
277 3904 418 3974 illustres
447 3914 506 3974 etc.
539 3909 687 3984 Quamvis
714 3928 732 3970 e
758 3907 910 3973 submissa
938 3903 1108 3972 nobis-13.
1136 3919 1251 3971 recens
1291 3975 1293 3980 ¹

131 4016 250 4082 evoluti
267 4009 383 4081 mensis
401 4017 518 4100 Aprilis
535 4017 752 4081 informatione
778 4023 904 4107 vestra.
933 4016 1125 4095 adnexisque
1151 4013 1252 4093 eidem

129 4124 423 4189 Commissariorum
459 4122 714 4207 Investigatoriis
749 4124 864 4186 lactum
899 4121 931 4184 B.
959 4121 1111 4204 Stephani
1141 4117 1259 4183 Daniel

127 4238 297 4296 aconatam
323 4251 363 4294 ex
389 4233 470 4295 Com.
497 4233 585 4295 Anna
602 4229 699 4295 llikes
725 4231 845 4309 prolem
862 4247 949 4293 suam
967 4235 1075 4292 contra
1094 4228 1196 4298 datam
1212 4226 1252 4290 fl-

124 4339 460 4404 demcurueonlemtu
491 4355 618 4421 prorsus
651 4345 683 4401 et
714 4336 884 4419 vilipendio
916 4337 985 4399 ben.
1018 4334 1252 4430 ordinationum
1312 4417 1315 4423 ἡ
1387 4382 1391 4390 ,

125 4455 309 4512 nostrarum
327 4454 359 4509 et
375 4448 472 4530 ipsius
492 4450 582 4511 eliam
600 4445 705 4529 ltlagni
732 4443 816 4507 illius
832 4444 957 4506 'lranss
975 4443 1173 4525 Principaius
1190 4457 1251 4504 nc·
1308 4463 1310 4468 ·
