2798 4852
497 327 499 331 y
593 233 867 319 -rc,4-‚

127 436 216 515 sequi
227 428 367 512 possint}
375 429 484 514 Clarus
494 434 599 490 tamen
611 448 647 492 ac
655 424 1116 517 quamplurimieCcmitialibus
1125 425 1244 494 Statibus
1260 424 1264 428 ’

129 549 161 603 et
176 539 347 602 Ordinibus
364 535 583 598 necessitatem
601 536 660 625 sibi
677 535 850 616 impositam
868 534 1074 597 crediderunt
1087 542 1245 615 :utcontra

129 649 212 710 hanc
227 643 562 726 legisdispositionem
577 641 728 704 cautelam
739 658 827 704 suam
842 643 904 723 ipsi
920 639 1013 702 etiam
1028 642 1112 725 legis
1128 643 1247 707 articulo

129 753 246 816 illatam
259 751 519 842 interponerent,
545 767 614 812 cum
631 754 800 839 cernerent
815 765 873 830 per
888 748 1053 811 voculam:
1068 753 1192 830 possint
1205 749 1247 813 la·

131 859 279 922 cultatem
292 857 437 938 praeberi
448 856 537 918 matri
549 854 722 918 catholicae
734 853 765 918 id
777 853 904 937 agendi,
921 855 1086 935 quodcum
1101 842 1249 939 principiis

129 965 299 1029 catholicis
317 967 461 1045 componi
476 969 622 1044 nequeat.
647 964 723 1026 Cum
739 962 844 1043 itaque
859 964 888 1025 b.
904 961 1067 1026 Resolutio
1084 963 1121 1025 ll.
1137 964 1249 1048 longius

129 1073 234 1136 adhue
251 1089 286 1135 se
304 1071 507 1153 exporrigat,
528 1073 640 1149 iusque
656 1066 925 1132 indiscriminatim
943 1068 1058 1132 tribuat
1075 1069 1152 1133 viris
1169 1071 1249 1133 muli·

132 1182 299 1260 eribusque
327 1177 489 1242 catholicis
515 1179 642 1239 mixtum
669 1177 897 1238 matrimonium
921 1177 1005 1238 inira
1022 1176 1250 1251 volentibus‚ut

118 1289 172 1367 de
198 1285 499 1367 procreandarume
526 1284 580 1345 tali
607 1285 765 1348 connubio
790 1283 923 1362 prolium
950 1300 1082 1347 suarum
1108 1284 1249 1365 religiosa

128 1393 321 1457 educatione
345 1393 464 1472 pacisci
488 1392 635 1472 possint,
661 1407 764 1469 neque
785 1407 860 1452 vero
878 1389 916 1450 iis
933 1388 964 1449 id
981 1389 1081 1452 salvis
1100 1388 1249 1453 catholicis

129 1499 293 1581 principiis
310 1499 467 1578 integrum
483 1500 545 1569 sit,
572 1498 709 1576 quinimo
726 1496 749 1558 ii
766 1495 803 1557 ad
828 1495 1059 1575 procurandam
1078 1513 1186 1557 earum
1201 1511 1249 1556 ca·

131 1606 281 1668 thelicam
308 1605 524 1667 educationem
550 1603 799 1666 in-ccnsctcmia
829 1602 970 1665 obstricti
998 1604 1084 1666 sint:
1120 1609 1248 1666 nostrum

135 1729 234 1792 super
261 1710 320 1772 hcc
340 1709 490 1772 ‘dolorem
515 1725 554 1770 eo
579 1711 680 1772 minus
708 1710 847 1770 reticere
871 1724 1060 1788 possumus,
1084 1707 1167 1789 quod
1182 1705 1251 1770 iusta

130 1832 192 1878 nos
216 1815 269 1877 illa
295 1816 499 1878 vehementer
526 1823 622 1899 angat
648 1812 850 1887 sollicitudo,
875 1832 914 1876 ne
943 1814 970 1875 si
993 1795 1028 1875 'id
1043 1814 1118 1897 lege
1136 1830 1248 1894 quoque

134 1923 287 1986 sancitum
312 1922 424 1999 luerit,
450 1925 604 2002 intanta,
631 1939 710 2001 quae
727 1920 836 1983 maiori
862 1923 893 1983 in
911 1920 978 1982 dies
995 1920 1078 1999 apud
1097 1939 1157 1983 nos
1174 1918 1250 1982 clade

134 2031 254 2109 serpit,
277 2028 505 2091 catholicorum
532 2045 608 2107 erga
635 2029 748 2090 avitam
773 2025 944 2088 salvificam
960 2025 1167 2109 Religionem
1179 2026 1251 2107 tepi-

134 2136 230 2196 ditate
246 2133 425 2215 complures
442 2135 557 2195 sensim
574 2136 794 2206 inveniantur,
812 2133 864 2212 qui
882 2134 950 2195 sive
967 2134 1086 2196 amoris
1103 2133 1251 2196 illecebris

134 2242 350 2304 inescatisive
367 2241 625 2322 persuasionibus
649 2239 754 2309 allecti
773 2238 958 2320 deplorabili
974 2241 1034 2302 hoe
1053 2242 1123 2302 iure
1140 2240 1175 2301 iu
1189 2254 1251 2303 suaa

134 2365 323 2428 suarumque
340 2348 471 2426 prolium
489 2346 598 2410 salutis
616 2345 813 2427 dispendium
830 2348 873 2408 uti
889 2346 995 2408 velint.
1020 2330 1163 2408 Accedit

224 2452 261 2526 b)
277 2454 367 2526 Quod
384 2455 458 2516 licet
473 2453 609 2534 benigna
627 2454 707 2516 haec
723 2452 883 2516 Resolutio
900 2452 935 2514 R;
952 2452 1033 2514 hanc
1051 2452 1092 2514 de
1108 2454 1251 2534 religiosa

136 2560 362 2621 nasciturarum
381 2559 509 2638 prolium
537 2559 723 2621 educatione
749 2557 929 2640 paciscendi
957 2558 1141 2622 facultatem
1160 2560 1252 2621 diver·

135 2685 238 2728 sarum
255 2651 444 2748 religionum
469 2670 593 2748 sponsis
619 2667 809 2749 eprincipio
842 2666 978 2728 tuendae
997 2668 1252 2729 conscientiarum

134 2761 310 2846 libertatis,
338 2781 369 2834 et
386 2776 497 2835 obtutu
514 2774 597 2835 forte
613 2775 742 2835 minoris
761 2770 853 2847 niali,
871 2774 953 2853 quod
971 2773 1053 2835 baec
1070 2771 1251 2853 provisionis

133 2881 215 2941 ratio
241 2879 342 2940 relate
369 2880 407 2941 ad
434 2880 612 2942 catholicos
639 2881 835 2952 involveret,
870 2881 962 2942 tribui
990 2883 1121 2959 cupiat3
1157 2895 1250 2942 casum

134 2987 285 3047 tamenin
304 3004 383 3059 eum,
403 2990 429 3049 si
446 2995 537 3068 pacta
555 2987 732 3049 huiusmodi
747 2989 883 3067 'praevie
900 3005 1092 3067 quacunque
1110 2987 1152 3049 de
1170 3003 1251 3050 causa

136 3090 395 3166 haudiuirentur‚
412 3095 517 3175 proles
536 3112 643 3155 omnes
660 3093 856 3174 inreligione
874 3096 973 3175 patris
991 3092 1126 3156 educari
1144 3094 1251 3155 debere

133 3207 306 3276 proponat,
332 3201 362 3261 in
391 3201 505 3261 ellectu
531 3202 621 3276 proin
648 3198 686 3259 ad
713 3202 813 3280 ipsum
830 3199 897 3259 lere
917 3219 933 3260 e
950 3200 1097 3262 Cornitiis
1117 3220 1146 3262 a.
1168 3197 1248 3262 1840.

137 3303 273 3364 demisse
290 3306 480 3368 substratum
497 3306 578 3387 legis
596 3308 779 3386 proiectum,
797 3313 837 3379 et,
855 3306 936 3384 quod
954 3305 1113 3369 hactenus
1131 3308 1250 3371 sollicite

136 3411 326 3483 cavebatur,
352 3411 390 3472 ad
417 3410 565 3472 directam
592 3432 660 3473 cum
686 3413 848 3493 principiis
875 3413 1059 3476 Catholicae
1086 3413 1249 3498 Religionis

137 3517 364 3593 oppositionem
382 3516 536 3579 delleetat.
565 3519 715 3580 Proiecto
733 3519 784 3580 lex
802 3520 861 3582 hoc
879 3538 974 3582 sensu
992 3521 1165 3584 condenda
1181 3522 1248 3583 ieret

135 3621 350 3700 praecipiens,
380 3631 410 3684 et
428 3625 640 3706 Evangelicae
666 3626 789 3706 quidem
816 3627 896 3705 parti
923 3627 1108 3691 libertatem
1128 3630 1167 3690 de
1184 3628 1247 3688 reli·

136 3727 227 3804 glosa
245 3726 377 3805 prolium
396 3747 521 3791 suarum
540 3730 726 3794 educatione
744 3732 927 3813 disponendi
946 3737 1107 3812 eriperet,
1140 3732 1247 3798 mulieri

134 3839 237 3891 autem
254 3834 446 3912 catholicae,
465 3838 514 3899 cui
533 3844 591 3899 art.
609 3838 670 3898 26:
693 3837 786 3899 1791.
805 3856 911 3900 casum
928 3841 959 3901 in
978 3859 1103 3904 omnem
1133 3843 1246 3924 prolium

135 3936 184 3996 sui
212 3953 306 3998 sexus
332 3940 565 4021 religionariam
602 3943 820 4006 educationem
844 3947 1000 4016 asseruit.
1037 3948 1243 4029 obligationem
1291 3988 1293 3993 -

137 4042 333 4123 iniungeret,
352 4056 460 4110 contra
479 4048 640 4111 Ecclesiae
668 4050 753 4113 Ceth.
772 4053 923 4132 principia
942 4069 1055 4115 omnes
1074 4051 1241 4116 indiscrimi-

137 4150 232 4208 natim
259 4151 363 4230 proles
390 4171 462 4213 suas
488 4154 518 4215 in
544 4155 719 4237 religione,
746 4175 836 4236 quam
865 4161 931 4238 ipsa
959 4178 1070 4220 veram
1090 4170 1239 4240 agnoscere

137 4256 266 4330 nequit,
283 4258 445 4324 erlucandi.
471 4260 540 4321 Non
556 4279 723 4342 possumus
742 4263 802 4325 hoc
821 4264 890 4327 loco
909 4268 1171 4343 praetermittere,
1188 4262 1237 4340 autu

45 4391 53 4408 ·
135 4353 308 4438 benignam
334 4363 403 4426 bloi.
422 4366 504 4428 Vrae
523 4367 635 4432 SSmae
653 4371 856 4432 attentionem
876 4369 1009 4432 flectere
1030 4376 1234 4453 praesumamus
