2798 4852
230 314 246 327 ..
482 260 528 331 a
582 221 859 357 ζέω-ς-
922 230 930 242 *
976 254 1022 323 ·.

84 542 87 548 ,
161 462 164 467 '
223 478 225 482 ’
255 428 491 546 lnarpumemo
513 465 683 544 aparitate
706 464 795 528 Sace.
816 462 971 542 Baptismi
995 454 1135 523 adducto
1152 474 1283 541 magnum

169 573 334 636 intercedit
361 573 548 636 discrimen.
585 566 700 634 Notum
734 577 802 644 est,
845 567 1034 650 Baptismum
1059 549 1180 630 tantum
1204 582 1283 630 unum

154 682 261 753 esse,
278 679 482 760 ,baptismum
509 694 605 761 porro
630 694 686 758 per
711 682 928 757 quemcunque
954 677 1097 748 domum,
1122 673 1283 743 ,damuatio

167 766 283 859 habeat
313 771 528 855 intentionem
556 785 689 865 faciendi
705 785 737 847 id
763 784 846 866 quod
863 784 937 847 lacit
960 781 1127 857 Ecclesia,
1157 778 1284 845 mdamn

123 876 129 931 Ῐ
160 884 283 965 ,delere
297 888 474 975 peccet-nm
485 893 652 974 originale,
673 886 709 955 'et
724 881 910 973 baptisatam
920 892 1047 956 assumi·
1058 891 1099 954 ad
1116 890 1284 959 Ecclesiam,

9 1076 33 1089 ..
85 1076 90 1081 ,
170 1026 214 1085 ,··⁴
231 1001 290 1066 s‘td·
305 1002 343 1064 ud
364 1004 482 1083 quarm
510 1002 657 1064 adunam
680 1007 799 1062 tautum
816 992 926 1063 veram
943 1001 1040 1064 solam
1058 997 1231 1062 salvificam
1243 1006 1284 1061 'ct-

173 1109 318 1172 tlrolicam
334 1111 372 1172 ab
388 1110 457 1192 ipso
474 1109 552 1172 Jesn
568 1107 692 1172 Christo
710 1109 881 1170 institutam
892 1102 913 1184 ;'
943 1107 1075 1187 proinde
1091 1086 1285 1190 etpar'otlrn¹

58 1240 63 1247 ·
86 1245 108 1297 ,-
173 1217 347 1296 catholicus
364 1216 434 1280 dum
451 1199 595 1296 'baptisat
619 1216 740 1297 prolem
768 1216 805 1288 ab
832 1215 1011 1279 acatholico
1029 1214 1091 1278 sibi
1108 1219 1283 1297 praesenta-

100 1329 105 1340 '
162 1331 255 1400 tam,
275 1323 403 1387 assumit
418 1322 499 1385 illum
517 1321 554 1385 ud
571 1323 746 1386 Ecclesiam
763 1321 975 1408 Catholicam,
998 1325 1033 1385 in
1045 1333 1116 1403 -qua
1131 1338 1170 1384 aa
1186 1321 1282 1384 tamdia

171 1438 391 1512 perserverat,
418 1429 520 1494 donec
545 1430 676 1519 ipsamet
702 1412 838 1494 assensu
863 1445 921 1517 suo
947 1431 1061 1511 probet
1083 1428 1282 1494 doctrinasrt

74 1598 78 1605 .
172 1538 313 1603 Ecclesia
329 1537 416 1601 Cntlr.
434 1533 617 1616 damnatas;
636 1557 695 1605 nac
712 1555 856 1620 unquam·
867 1524 1027 1603 Sacerdos—
1044 1526 1228 1603 Catholicus
1239 1553 1285 1618 por·

89 1706 94 1731 -.
172 1630 357 1725 baptismum
382 1643 435 1716 tuli
460 1646 540 1724 proli
566 1645 710 1722 collatum
737 1652 795 1708 son
821 1647 944 1709 directe
960 1631 1019 1707 seu
1035 1645 1213 1717 indirecte,
1241 1660 1281 1706 sau

7 1738 11 1749 ¹
175 1754 328 1834 expresse
344 1768 402 1817 seu
418 1755 512 1816 tacite
529 1752 612 1815 illins
627 1753 660 1813 in
675 1753 736 1815 lide
750 1772 770 1817 ¹a
780 1753 941 1816 Catholica
963 1743 1068 1816 aliena
1079 1750 1281 1815 educationem

17 1923 20 1929 ,
174 1860 324 1937 intendit,
357 1867 409 1923 aut
425 1860 548 1947 adeam
565 1840 684 1936 induit3
708 1867 742 1922 ut
769 1860 848 1923 adco'
866 1879 926 1923 nec
943 1866 1157 1941 ex‘respcctu
1173 1857 1282 1921 alienu

11 1958 16 1964 ’
106 1952 115 1999 ⁸>
174 1969 284 2045 primi,
301 1986 360 2030 nec
376 1985 416 2045 ex
432 1960 732 2047 respectu'ellectus
749 1966 1055 2050 secundi-Baptismi
1072 1966 1228 2030 sacerdos
1241 1982 1281 2027 cr·

42 2086 47 2095 ’
175 2074 312 2138 thelicus
336 2076 499 2156 denegare
524 2076 626 2158 possit
652 2073 836 2155 baptismum
858 2074 947 2156 proli
975 2072 1013 2136 ab
1038 2075 1217 2136 acatholico
1239 2071 1282 2133 rili

168 2189 404 2260 praesentatae.
428 2183 455 2247 Ε
477 2191 588 2271 contra
615 2182 725 2265 mulier
742 2182 906 2252 „catholica
939 2170 1007 2245 uiro
1033 2176 1214 2245 acatholico
1236 2198 1283 2243 non
1322 2220 1327 2253 ,ι

69 2364 73 2371 ¹
140 2356 143 2364 ,
176 2284 282 2375 habita
306 2290 397 2352 huius
423 2289 462 2352 de
480 2276 615 2352 ninnium
635 2288 869 2371 sperativarum
901 2289 1037 2369 prolium
1060 2290 1093 2350 in
1118 2286 1188 2351 Rel.
1214 2287 1283 2350 Cati.

9 2422 35 2478 χ
59 2395 64 2402 ”
128 2480 131 2485 1
175 2392 602 2479 educandarum'spcnsione
627 2396 816 2460 nubensad
840 2376 952 2458 hurum
979 2399 1011 2459 in
1026 2396 1089 2459 lide
1106 2412 1123 2458 a
1142 2395 1285 2459 Catholici

44 2524 49 2537 ·
100 2488 103 2494 ⁵
176 2501 277 2581 aliena
294 2501 508 2565 educationem
526 2511 556 2564 et
573 2503 690 2577 inlinit,
717 2511 748 2565 et
765 2521 833 2565 eam
849 2504 910 2564 iam
930 2504 961 2565 in
980 2510 1182 2566 antecessum
1199 2505 1287 2566 inton-

8 2652 13 2658 -
107 2683 110 2688 ¹
137 2662 139 2667 .
176 2609 228 2672 dit.
245 2610 283 2672 Et
299 2628 368 2672 cum
385 2608 620 2675 Sacramentum
638 2612 824 2674 Matrimonii
838 2613 879 2673 sit
891 2610 1127 2675 Sacramentum
1148 2613 1285 2675 silvorum

174 2717 365 2797 adeoquein
383 2719 574 2798 suscipiente
601 2718 736 2782 debitam
762 2739 819 2800 pro
846 2719 1030 2803 recipienda
1059 2723 1168 2802 gratia
1191 2735 1287 2783 sacru·

53 2823 60 2833 '
175 2824 300 2887 mentali
316 2825 552 2906 dispositionem
569 2829 728 2907 requirat,
757 2827 912 2909 quomodo
930 2827 1003 2889 talis
1021 2828 1143 2907 mulier,
1163 2845 1241 2908 quae
1255 2828 1288 2888 itu

123 2932 125 2937 ’
175 2931 237 3005 levi
254 2937 284 2993 'et
300 2929 495 2997 indifferenti
512 2935 614 2996 animo
631 2932 764 3021 salutem
782 2916 988 2999 suraesobolis
1006 2914 1150 3016 periculo
1163 2933 1288 3016 exponit,

50 3024 56 3033 ’
177 3029 447 3121 debite'disposita
466 3044 599 3123 censeri
610 3044 711 3123 possit
722 3026 737 3115 ,'
748 3038 892 3106 convinci
910 3024 973 3106 non
991 3029 1174 3123 possumus.

135 3147 155 3232 s
265 3148 357 3220 Quod
371 3152 481 3211 attinet
497 3153 646 3230 spiratum
666 3136 818 3213 cecitatis
841 3151 942 3214 nobis·
961 3149 1140 3228 obiectum,
1171 3151 1290 3213 demissa

95 3330 99 3336 ¹
177 3260 268 3324 venia
293 3278 455 3343 quaerere.
473 3263 715 3343 praesumimus:
749 3259 1075 3341 qnando'Catholicus
1102 3264 1246 3327 securius
1266 3266 1291 3326 ol

64 3385 67 3389 ’
177 3369 294 3430 certius
309 3375 397 3451 agat,
423 3388 513 3450 quum
531 3373 558 3433 si
575 3370 679 3433 audiat
696 3370 798 3442 illum,
817 3389 833 3431 a
852 3388 917 3450 qun
935 3372 1025 3452 ongo
1043 3372 1179 3434 unitatis
1194 3371 1291 3433 catio·

177 3474 257 3536 licae
273 3476 436 3557 procedit,
462 3495 529 3539 cum
555 3483 600 3539 tot
626 3477 826 3542 Praesulibus
856 3476 1019 3561 Ecclesiae
1046 3477 1231 3549 Catholicae
1248 3478 1291 3540 lo·

179 3581 359 3662 quentem?
835 3604 839 3609 ·
1003 3670 1006 3676 Ι

265 3689 299 3752 ln
325 3691 447 3772 reliquo
464 3689 536 3752 dnm
562 3690 619 3756 nos
645 3694 742 3774 prima
760 3696 848 3767 vice,
874 3697 987 3776 quippe
1003 3693 1066 3756 30.-
1082 3693 1186 3776 April.
1211 3692 1290 3758 taut.

177 3795 327 3881 eCougr.
354 3807 464 3864 nostra
492 3800 674 3865 districtuali
701 3801 732 3863 in
750 3803 878 3883 negotio
897 3802 1065 3866 mixtorum
1085 3806 1290 3869 matrimonio·

143 3965 149 3971 .
177 3923 244 3967 rum
270 3904 456 3968 humillimas
481 3924 594 3986 preces
621 3915 745 3970 nostras
762 3909 842 3972 Suae
859 3907 1030 3986 Illustritati
1058 3910 1172 3991 Eppali
1189 3925 1291 3994 propo·

21 4014 26 4025 ’
76 4082 86 4093 ,
177 4014 313 4090 suimus,
337 4011 412 4073 nihil
430 4012 513 4075 aliud
531 4016 561 4076 in
588 4015 850 4095 vortshabuimus
861 4064 878 4097 ,,
897 4035 986 4097 quam
1004 4016 1038 4079 ut
1057 4018 1120 4079 Sua
1140 4019 1289 4082 illustrius

21 4144 42 4154 ‹—
72 4166 92 4203 .·
180 4118 211 4181 in
226 4106 383 4183 concu'rsu
400 4120 594 4201 reliquorum
612 4120 792 4203 Hungariue
809 4126 991 4186 Praesnlum
1002 4126 1034 4187 in
1046 4124 1158 4209 Regni
1169 4124 1289 4190 comitiis

179 4236 447 4309 congregatorum
465 4235 639 4309 opportuna
656 4229 827 4292 occasione
839 4229 961 4304 modum
974 4232 1078 4310 quoad
1091 4227 1287 4297 benedicenda

99 4357 103 4365 ·
121 4374 128 4383 -
180 4334 274 4396 mixta
289 4337 445 4399 connubia
461 4329 569 4399 sensui
583 4336 746 4399 Ecclesiae
764 4338 863 4419 magis
882 4339 1140 4403 convenientem.
1152 4353 1285 4421 quaerat

180 4438 372 4523 dignaretur.
400 4441 476 4505 Cum
492 4461 571 4506 vern
587 4460 648 4505 uon
678 4450 795 4507 lantum
812 4443 988 4527 nulla-spes
1005 4447 1099 4512 nobis
1124 4449 1198 4523 datu
1212 4445 1285 4511 luerit
