2798 4852
524 234 949 374 '-aso'..g

152 474 192 531 ut
207 480 268 549 pro
284 464 464 557 tristissimo
481 464 661 546 spectaculo
678 465 707 526 in
724 483 785 527 ona
803 452 1073 546 eademqoedomo
1084 456 1280 532 numerosam
1315 500 1319 507 ·

109 564 112 569 ’
157 572 310 635 familiam
327 574 539 634 constituente
555 571 790 641 diversissimae
803 572 873 634 'sibi
894 578 1109 654 repugnantes
1126 581 1232 635 sectae
1248 580 1281 636 et

154 677 335 760 religiones
348 676 594 749 coanimantur,
617 679 644 738 si
660 676 801 758 prolibus
816 675 855 737 ad
873 694 940 738 eam
956 677 1102 740 familiam
1118 682 1280 758 pertinen-

149 783 238 846 tibus
252 782 380 847 cuilibet
393 782 481 844 aliam
497 781 649 862 aliamque
660 789 776 844 sectam
788 789 839 845 aut
849 781 1033 863 religionem
1043 783 1128 845 velut
1140 785 1198 847 sibi
1210 802 1278 846 ma·
1338 776 1342 783 ’

146 893 235 953 xime
251 888 396 969 placitam
423 890 514 968 sequi
543 890 640 950 visam
667 888 773 951 luerit.
799 889 980 961 Quidenim
1006 889 1083 953 illud
1103 876 1291 952 assertumz·

146 995 317 1068 „naturale
335 1002 366 1055 et
381 995 488 1077 legale
511 995 569 1065 ius,
588 996 734 1076 optimam
752 985 841 1076 ᾳιιιιιιι
859 998 991 1076 quisque
1008 1012 1108 1057 annos
1127 994 1277 1059 discreti·
1351 1063 1354 1069 ,

147 1102 225 1164 onis
240 1103 396 1183 attingens
413 1101 623 1180 perspexerit,
639 1099 827 1185 religionem
845 1101 1018 1182 sequendi‘
1031 1100 1112 1163 aliod
1125 1100 1277 1163 denotare

109 1254 127 1279 0
147 1210 263 1288 possit,
280 1224 369 1287 quam
384 1206 529 1286 placitum
547 1220 635 1268 suum
653 1208 684 1267 in
701 1205 866 1288 deligenda
884 1196 1042 1289 religione
1059 1206 1177 1287 sequi?
1200 1204 1277 1268 Nam

148 1319 185 1374 ut
201 1311 340 1392 perspici
356 1307 454 1391 possit
470 1318 501 1372 et
512 1312 660 1392 agnosci,
678 1329 831 1392 quaenam
847 1312 963 1394 religio
981 1302 1137 1394 objective
1153 1314 1195 1373 sit
1212 1328 1273 1394 op·
1292 1390 1297 1397 Ι

148 1417 424 1490 tima,deberetis,
436 1417 486 1496 qui
498 1415 933 1479 attactisdiscretionisannis
945 1417 1100 1478 delectum
1113 1403 1276 1505 religionis
1362 1438 1365 1443 ·

150 1524 346 1594 instituerat,
359 1540 466 1587 omnes
477 1522 652 1604 religiones
669 1531 759 1587 notas
769 1522 887 1584 habore
898 1524 1129 1586 nontantomde
1141 1526 1275 1597 nomine,

147 1646 261 1690 verum
272 1627 373 1708 quoad
383 1627 556 1690 intrinseca
568 1644 622 1687 soa
634 1628 799 1707 principia,
811 1627 967 1706 dogmati,
980 1622 1193 1692 credibilitatis
1210 1630 1273 1691 mo·
1365 1621 1371 1629 ’

148 1730 1275 1813 tivaehaecomniaponderariexaminari,invicemcombinarioporte-
1303 1778 1308 1785 .

147 1846 213 1911 ret,
226 1838 344 1920 absque
354 1836 559 1919 praeiudicio,
572 1841 672 1901 animo
690 1856 752 1901 non
765 1848 998 1919 praeoccupato
1010 1838 1184 1912 all'ectibus,
1198 1856 1275 1919 pas·
1344 1868 1346 1873 ·

115 1938 118 1942 ’
150 1946 295 2009 sionibus
312 1945 450 2017 etcouis
466 1944 544 2006 baec
557 1945 595 2006 ab
606 1944 809 2007 adolescente
826 1948 982 2009 immaturi¹
995 1947 1109 2015 iudicii,
1121 1958 1276 2009 necessa·
1326 1929 1330 1933 ’

148 2056 209 2116 riis
226 2051 416 2115 adminiculis
428 2051 627 2125 destituto,in
639 2069 675 2113 ea
687 2057 798 2121 aetate,
808 2069 867 2131 qua
877 2053 1069 2131 potissimum
1079 2070 1136 2133 per
1151 2039 1278 2134 passio-

149 2175 223 2230 nes,
240 2156 469 2237 sensualesqoe
487 2154 618 2218 allectus
634 2158 734 2238 primo
755 2157 996 2237 vehementique
1007 2161 1126 2240 impetu
1134 2159 1239 2239 plures
1258 2177 1276 2219 a

148 2265 234 2343 recti
244 2264 428 2344 honestique
444 2264 578 2349 tramite,
595 2261 787 2343 nisifreligio
803 2270 981 2335 succurret,
994 2264 1202 2338 abducantur,
1214 2285 1272 2328 ex·

151 2366 1278 2453 spectaredesiderarequeausit?siergo'mncreltgio,quamquissequi
1339 2357 1345 2370 ’

150 2476 240 2546 velit,
258 2474 426 2556 deligenda
444 2477 494 2546 sil,
512 2481 598 2536 certe
615 2492 677 2537 non
689 2493 737 2546 ea,
755 2494 835 2556 quae
847 2478 956 2557 optima
969 2483 1030 2549 est,
1047 2495 1128 2556 quac
1140 2460 1277 2540 sensua-

148 2584 233 2651 litati
250 2582 392 2645 lroenum
409 2583 520 2654 inlicit,
536 2576 718 2660 passionum
735 2584 867 2662 impetus
884 2589 1031 2658 coercet3
1058 2580 1113 2643 sed
1131 2602 1177 2653 aa,
1197 2601 1278 2663 qaae

150 2689 267 2753 l'roena
284 2678 388 2759 laxat,
413 2687 497 2750 nulla
514 2695 566 2750 aut
591 2689 717 2751 minima
732 2689 883 2772 repagula
900 2691 999 2768 ponit,
1011 2689 1162 2770 adeoque
1180 2689 1278 2770 magis

150 2796 267 2879 placita
286 2802 345 2870 est,
364 2793 581 2875 adaptabitur,
608 2802 661 2856 aut
686 2794 874 2858 adolescens
891 2798 972 2858 inter
988 2795 1226 2876 Scepticismum
1243 2804 1275 2857 et

102 2912 105 2917 '
136 2902 458 2981 .1ndilierentismum
470 2901 639 2965 fluctuabit.
652 2899 736 2981 Opus
747 2918 809 2962 nnn
820 2908 885 2983 est,·
896 2902 1104 2984 perniciosum
1115 2900 1278 2982 bocprln-
1375 2942 1378 2949 ·

155 3009 275 3091 cipium
292 3008 421 3071 uberius
437 3006 627 3083 enucleare,
651 3026 719 3070 cum
746 3007 827 3070 illius
844 3007 1000 3069 absurdae
1017 3008 1279 3087 tristissimasque

151 3100 304 3196 sequelae
322 3112 457 3178 omnium
474 3114 572 3176 oculis
589 3120 701 3194 suapte
717 3119 851 3194 pateant.
868 3115 1017 3174 —Porro
1035 3112 1106 3173 dom
1125 3113 1281 3177 Reverso·

150 3223 200 3284 tes
215 3224 383 3286 aduersari
393 3224 542 3283 dicantar
551 3222 716 3301 parentali
726 3222 943 3300 propensioai,
961 3238 1031 3280 cum
1042 3214 1129 3282 adid
1143 3236 1281 3303 sequen·
1328 3273 1331 3279 .
1350 3202 1354 3210 ¹

151 3331 231 3392 dum
256 3318 396 3407 adigitur
421 3328 546 3407 proles,
572 3329 663 3389 caios
686 3328 924 3406 praestantiam
940 3328 1008 3406 ipsi
1028 3333 1176 3406 parentes
1190 3327 1281 3402 socio

151 3434 247 3497 baad
263 3440 439 3495 testentur:
457 3450 519 3495 non
536 3439 597 3494 tam
614 3449 652 3494 eo
664 3435 810 3513 pertinet,
829 3418 1063 3495 utReversales
1074 3424 1280 3513 abrogentur,
1350 3416 1357 3444 ⁵

153 3554 251 3622 quam
266 3540 370 3620 potius
389 3557 437 3613 eo,
455 3547 488 3602 ut
506 3541 702 3602 matrimonia
720 3541 814 3601 mixta
831 3540 1072 3627 prohibeantur.¹
1092 3536 1281 3601 Deformilas

105 3674 110 3683 ·
149 3650 241 3710 'enim
257 3649 317 3710 ista
339 3649 432 3709 etiam
449 3646 610 3726 abrogatis
632 3626 987 3718 Reversalibus'manet,
1005 3652 1036 3706 et
1052 3647 1152 3727 magis
1169 3646 1282 3706 coniu-

155 3773 232 3836 gem
252 3753 437 3815 catholicam
461 3770 550 3833 quam
569 3755 669 3815 virum
696 3751 914 3833 evangelicum
940 3754 1078 3832 respicit.
1097 3751 1217 3812 Etenim
1232 3750 1283 3811 vir
1388 3808 1393 3817 ,

153 3858 385 3941 evangelicus,
412 3855 483 3919 dom
505 3861 536 3919 in
554 3857 739 3920 catholicam
756 3857 888 3938 prolium
915 3874 1040 3920 suarum
1062 3856 1281 3918 educationem
1317 3856 1322 3865 '

156 3965 328 4041 consentit,
346 3972 378 4026 et
389 3948 453 4045 ‘per
470 3963 560 4026 datas
576 3950 767 4031 Reversales
778 3963 906 4026 eandem
924 3945 1283 4042 pollicetur-‚etsiprae-
1360 3960 1374 3992 ⁴

154 4075 305 4136 stantiam
322 4078 353 4133 et
368 4069 626 4152 praecellentiam
646 4071 826 4134 Catholicae
843 4064 1017 4151 Religionis
1043 4068 1127 4130 lacto
1145 4084 1204 4132 sao
1221 4082 1282 4128 non

154 4186 304 4256 testetur,
320 4186 430 4259 utpote
446 4180 477 4240 in
494 4194 549 4240 sua
566 4178 725 4259 religione
744 4193 949 4257 permanens:
976 4173 1129 4255 parentali
1145 4189 1283 4254 propen-

161 4287 265 4371 sioni,
284 4305 344 4366 qua
361 4304 441 4366 erga
458 4287 654 4367 suasproles
673 4286 817 4355 docitur,
845 4284 920 4346 nihil
947 4280 1139 4344 contrariom
1165 4279 1282 4357 advene
1313 4286 1319 4303 '

143 4411 291 4474 reumque
309 4394 385 4475 agit,
402 4409 575 4474 persuasus
591 4390 784 4474 ereligionis
795 4407 872 4455 suae
883 4389 1049 4470 principiis,
1066 4385 1186 4482 prolem
1197 4399 1285 4446 suam
1380 4392 1392 4477 J
