2798 4852
613 260 790 332 ..2-

136 478 258 542 cunque
284 461 400 522 robore
425 456 542 518 iirmata
568 472 631 517 non
652 453 825 537 adimpleri.
867 433 990 516 Idcirco
1016 451 1119 516 nullus
1144 456 1259 536 pastor

19 598 24 603 ·
64 626 68 633 ,
137 565 292 648 ejusmodi
317 563 524 628 matrimoniis
541 564 678 636 assistat,
704 563 763 625 nisi
789 579 806 623 a
833 560 923 623 nobis
940 566 992 623 aut
1009 565 1120 646 nostro
1137 556 1259 622 vicario

134 673 277 756 generali
305 681 358 740 aut
384 669 509 736 ciliciali
534 669 715 732 facultatem
732 668 900 751 specialem
927 669 959 730 in
976 667 1102 749 scriptis
1118 664 1259 748 desuper

135 781 325 856 obtinuerit,
352 779 520 860 taliterque
538 777 728 861 contrahere
745 777 944 843 volentes'eo
961 794 1019 859 pro
1036 774 1185 839 facultate
1201 789 1259 835 re-

134 887 244 952 mittet.

651 1064 739 1136 410.

15 1313 18 1319 ¹
133 1239 329 1300 Constitutio
348 1236 515 1296 Francisci
536 1234 617 1293 land.
639 1233 755 1381 Ahlpppi
778 1234 818 1290 dc
838 1233 1055 1292 matrimoniis
1076 1232 1191 1294 mixtis
1215 1245 1257 1290 cx

84 1340 89 1345 '
616 1325 706 1383 ami
744 1327 771 1381 9.

224 1519 298 1598 Cap.
316 1518 346 1579 2.
361 1520 397 1588 s.
415 1514 465 1577 31.
480 1511 629 1574 -Nemo
649 1511 831 1583 catholicos,
850 1515 881 1571 et
897 1507 1089 1572 acatholicos
1105 1509 1177 1573 sinc
1194 1525 1257 1571 cx·

135 1643 245 1707 pressa
261 1623 438 1687 vicariatus
456 1620 556 1682 nostri
573 1619 732 1702 generalis
750 1618 876 1682 licentia
896 1615 1044 1697 copulare
1060 1620 1253 1699 praesumat,

134 1749 211 1795 casu
227 1731 379 1803 nimirum,
407 1744 468 1808 quo
485 1724 576 1806 impia
592 1732 683 1806 pacta
700 1722 740 1788 de
757 1722 929 1788 educandis
945 1721 1054 1785 inalia
1070 1729 1160 1785 secta
1176 1739 1258 1804 pro·

133 1840 214 1904 libus
240 1827 369 1900 alterins
386 1851 503 1906 sexus,
532 1849 591 1896 scu
615 1834 789 1915 periculum
805 1831 1021 1914 perversionis
1038 1829 1144 1913 quoad
1159 1848 1254 1894 com-

35 1928 41 1947 ⁴
60 1955 66 1964 '
131 1952 253 2028 partem
269 1942 455 2009 catholicam
471 1940 585 2004 abasse
601 1940 819 2023 dignoscatur.

649 2138 738 2212 411.

167 2314 339 2372 Decretum
348 2312 471 2386 synodi
485 2325 577 2385 prov.
588 2306 819 2369 Maronitarum
832 2325 861 2366 a.
879 2309 966 2367 ssah.
979 2306 1065 2364 circa
1077 2306 1220 2367 matrim.

632 2399 746 2457 mixta.

222 2552 252 2610 P.
269 2549 313 2614 11.
340 2551 415 2631 Cap.
434 2551 478 2612 11.
504 2570 534 2613 c.
546 2550 587 2615 ,δε
620 2549 849 2615 Catholicorum
869 2566 940 2612 cum
956 2546 1124 2611 haereticis
1141 2546 1256 2612 matri-

132 2660 235 2720 monia
261 2656 368 2720 illicita
394 2663 467 2721 sunt
491 2656 633 2740 quidem,
660 2657 717 2720 sed
743 2664 845 2721 tamen
870 2656 984 2722 valent.
1016 2654 1055 2718 Ut
1071 2672 1151 2720 vero
1176 2654 1257 2719 hacc

133 2767 226 2827 etiam
243 2763 328 2827 licita
344 2761 534 2837 reddantur,
561 2763 662 2829 danda
679 2771 727 2828 est
744 2780 859 2847 opera,
885 2770 918 2827 ut
934 2761 985 2826 vel
1001 2780 1074 2846 pars
1091 2760 1256 2827 haeretica

133 2871 317 2934 catholicam
333 2871 522 2953 religionem
538 2889 574 2934 se
591 2871 699 2936 doceri
715 2874 860 2953 patiatur,
886 2888 1016 2953 eamque
1032 2888 1069 2934 se
1085 2869 1256 2953 amplexu·

133 2960 201 3040 ram
218 2974 390 3059 spondeat,
416 2976 467 3040 vel
487 2984 521 3042 ut
537 2978 565 3040 si
581 2996 659 3060 quac
674 2978 780 3058 proles
809 2997 849 3040 cx
866 2996 904 3042 eo
921 2977 1116 3041 matrimonio
1133 2992 1254 3040 nasca-

130 3090 191 3158 tur,
210 3083 417 3150 orthodoxam
433 3084 525 3148 fidem
541 3086 737 3169 profiteatur3
763 3085 813 3148 vel
829 3085 940 3149 saltem
955 3100 1028 3166 pars
1046 3082 1206 3147 catholica
1223 3085 1255 3147 in

132 3208 188 3254 sua
213 3190 369 3274 religione
394 3192 494 3256 libere
510 3199 710 3270 permaneat,
736 3198 858 3255 etcum
885 3192 996 3255 marito
1020 3194 1092 3254 sine
1108 3190 1256 3274 periculo

130 3297 347 3362 subversionis
375 3305 406 3361 et
430 3299 499 3362 sine
526 3297 713 3362 contumelia
739 3295 897 3362 Creatoris
923 3296 1107 3359 cohabitare
1132 3298 1256 3379 possit:

115 3404 265 3486 alioquin
291 3404 392 3489 quoad
409 3396 631 3469 habitationem
649 3405 816 3485 separandi
833 3413 952 3478 esseni,
978 3404 1006 3467 si
1030 3402 1104 3468 fidei
1118 3404 1255 3484 pericn-

49 3526 55 3541 ‘
129 3510 192 3574 lum
209 3512 364 3575 catholico
392 3530 449 3575 seu
466 3513 643 3576 catholicae
659 3515 781 3577 immine
791 3519 852 3576 ret.
873 3546 912 3556 —
931 3530 960 3574 n.
977 3509 1038 3574 17:
1055 3511 1143 3584 Quae
1160 3529 1256 3594 supra

133 3616 173 3680 dc
189 3616 408 3700 impedimento
427 3618 616 3700 disparitatis
634 3620 736 3683 cultus
753 3619 835 3682 dicta
853 3626 935 3692 sunt,
952 3613 1095 3701 quaeque¹
1111 3618 1257 3682 Patriar-

133 3723 190 3786 cha
208 3730 317 3787 noster
333 3723 464 3807 Sergius
483 3725 576 3788 1596.
595 3727 756 3806 praecepit
774 3724 813 3787 de
830 3744 893 3788 non
909 3722 1120 3805 permittendo
1138 3721 1257 3788 catho-

128 3829 218 3904 licis,
244 3837 278 3892 ut
295 3831 520 3895 matrimonium
544 3833 729 3895 contrahant
747 3850 817 3897 cum
833 3832 1002 3896 haereticis
1021 3839 1052 3894 et
1067 3831 1256 3894 schismati-

130 3939 194 4010 cis,
221 3956 256 4000 ea
283 3956 341 4001 nos
357 3942 469 4002 iterum
486 3939 699 4002 inculcamus:
725 3939 753 4001 si
780 3941 859 4002 enim
876 3957 965 4021 quam
981 3940 1115 4001 maxime
1132 3954 1256 4020 possu-

129 4060 212 4115 mus,
240 4042 389 4109 dabemus
415 4045 564 4123 eihcere,
589 4053 623 4109 ut
648 4045 764 4109 subditi
790 4047 892 4108 nostri
918 4045 1195 4109 schismaticorum
1221 4048 1256 4107 et

130 4149 361 4214 haereticorum
378 4156 652 4216 conversationem
671 4160 874 4231 execrentur,
899 4154 995 4214 multo
1013 4153 1114 4235 magis
1131 4167 1255 4216 curan·

20 4332 24 4339 J
129 4253 200 4317 dum
218 4262 286 4331 est,
312 4274 353 4320 nc
370 4238 494 4342 nuptias
521 4277 590 4323 cum
607 4258 668 4322 illis
695 4258 892 4339 contrahant,
917 4259 977 4323 nisi
995 4276 1066 4323 cum
1082 4275 1256 4340 suprare-

129 4365 259 4427 censitis
277 4364 519 4430 conditionibus.

589 4478 744 4491 “fl-*hm*—
752 4482 757 4488 .
765 4480 789 4489 .-
