2798 4860
567 222 833 326 „eoo-'
915 289 918 293 -

126 441 1238 536 iuriumaequalitatisintroducendarumsemctapudldaj.llramSSm'uu

126 561 297 628 efficaciter
312 561 514 640 interponere
531 555 608 639 velit
619 578 627 633 ;
638 553 855 619 Universilatis
868 552 957 617 Sedis
975 551 1153 617 Siculioalis
1165 554 1237 618 Aru·

39 746 43 751 Ι
125 686 203 752 opor
226 667 344 750 Eppum
370 666 496 731 Transs.
514 663 553 728 ad
570 661 765 727 revocandas
791 661 861 725 liter
870 679 904 726 as
931 679 1008 724 suas
1025 663 1200 746 pastorales
1214 665 1237 728 in

126 778 293 841 obversum
318 773 424 855 legum
448 772 621 854 patriarum
639 769 760 844 editas,
793 769 821 832 si
840 769 933 833 aliter
957 769 1027 832 lieri
1055 787 1119 834 non
1136 778 1238 852 posset,

126 898 185 964 ope
201 879 391 942 humillimae
408 877 490 959 apud
501 876 576 959 'llaj.
594 875 687 939 Vram
704 876 828 941 SSmam
841 871 1087 940 intercessionis
1099 875 1237 960 adstringi

129 987 286 1069 petentis;
310 985 550 1049 Universitatum
567 982 599 1048 C.
617 984 720 1055 dolos,
740 991 770 1047 et
787 982 876 1047 Sedis
899 985 1100 1065 Udoorbclp‚
1117 1003 1175 1048 nec
1189 1003 1238 1048 non

126 1095 265 1174 supremi
285 1094 498 1157 Unitariorum
516 1093 700 1154 Consistoni
726 1092 912 1154 humillimas
937 1110 1010 1154 suas
1027 1099 1238 1173 repraesenta·

55 1176 61 1189 ’
127 1202 232 1265 tiones
248 1203 279 1264 iu
298 1202 356 1262 boc
373 1200 499 1263 obiecto
514 1195 692 1261 immediate
718 1199 754 1261 ad
774 1199 845 1281 llaj.
865 1199 956 1261 Vram
976 1199 1102 1293 SSmam
1120 1197 1237 1262 directus

90 1285 94 1297 ³
127 1324 225 1390 penes
240 1304 579 1370 recommendationem
596 1305 756 1370 Altissimo
774 1305 858 1367 Loco
882 1308 1065 1386 promoveri
1092 1309 1237 1370 orantium.
1279 1316 1281 1323 '

17 1421 20 1427 '
127 1414 308 1479 Relationes
324 1413 569 1485 Universitatum
585 1413 684 1476 Albae
703 1411 878 1485 inferioris,
907 1419 937 1474 el
967 1411 1061 1476 Sedis
1079 1399 1237 1477 Siculioalis

84 1577 87 1584 .
131 1514 276 1604 Aranyos
288 1523 447 1605 sepositae
459 1521 582 1599 fuerunt
594 1539 745 1603 eousque,
763 1520 862 1583 donec
880 1518 992 1603 Eppus
1008 1521 1140 1584 Transs.
1157 1521 1237 1604 depo·

60 1678 65 1687 ,
130 1638 209 1694 stam
240 1629 483 1692 declarationem
510 1629 710 1707 submiserit3
744 1628 879 1708 reliquis
914 1645 992 1693 vero
1018 1627 1236 1693 Jnrisliclioli-

127 1737 187 1800 bus
203 1743 235 1799 ut
262 1743 293 1797 et
319 1735 469 1815 Supremo
488 1735 696 1798 Unitariorum
715 1737 910 1799 consistorio
935 1738 1092 1799 remissae
1110 1745 1180 1800 sunt
1194 1738 1237 1798 lu·

129 1835 271 1912 millimae
298 1843 608 1923 repraesentationes
637 1843 674 1903 ad
700 1843 772 1925 llaj.
801 1841 892 1905 Vram
917 1842 1062 1906 directae
1094 1850 1126 1905 el
1150 1843 1236 1927 lingva

118 1947 299 2028 ¹hungarica
317 1948 519 2009 concinnatae
537 1966 576 2009 co
593 1946 707 2020 addito,
726 1949 809 2030 quod
826 1948 899 2011 illae
918 1949 1002 2012 velut
1021 1969 1084 2013 non
1103 1970 1150 2024 ea,
1165 1970 1236 2034 quan

131 2060 189 2116 art.
208 2051 270 2113 3l:
291 2050 386 2113 1791.
404 2054 602 2132 praescribit,
618 2054 722 2135 lingva
741 2058 969 2128 concinnatae,
996 2058 1037 2120 ad
1066 2058 1237 2123 ditissimum

127 2143 285 2224 Thronum
308 2163 486 2240 promoveri
514 2168 680 2239 nequeant.
721 2162 865 2244 Denique
894 2164 1050 2228 submittit
1082 2164 1237 2248 Episcopus

56 2247 58 2250 Α
128 2282 251 2348 quoque
268 2266 395 2330 l'ranss.
411 2267 659 2331 dilucidaloriam
678 2286 765 2332 suam
782 2270 1037 2346 declarationem,
1054 2276 1088 2338 in
1106 2293 1165 2356 qua
1180 2276 1238 2338 lite-

128 2391 180 2436 ras
196 2389 268 2435 suas
285 2374 466 2455 pastorales
494 2378 524 2438 in
551 2376 676 2439 obiecto
703 2378 869 2440 mixtorum
888 2386 976 2440 matr.
1005 2381 1110 2444 editas
1128 2383 1238 2464 legibus

129 2478 235 2562 Magni
253 2479 344 2544 lruius
362 2482 557 2562 Principatus
569 2482 647 2546 baud
660 2485 834 2562 adversari,
851 2485 1169 2572 iurisdictionesque
1185 2490 1238 2553 dum

130 2589 159 2650 in
178 2588 372 2651 subversans
391 2587 476 2650 velut
493 2609 578 2653 mere
604 2591 762 2671 spirituale
790 2601 821 2655 et
837 2593 1032 2658 Sacramenli
1051 2597 1239 2661 administra-

82 2727 90 2739 ι
128 2695 242 2756 tionem
261 2711 458 2758 concernens
486 2697 643 2759 obiectum
670 2708 768 2760 semet
794 2702 987 2763 immiserunt
1016 2711 1049 2766 et
1067 2704 1240 2766 Sacerdotes

131 2802 170 2862 ob
187 2803 388 2880 praetensiue
407 2806 603 2866 conmrissum
622 2809 652 2868 in
671 2805 861 2869 Sacramenli
873 2806 1150 2874 administratione
1166 2831 1242 2876 arro·

129 2922 194 2967 rem
212 2907 297 2969 civili
314 2907 520 2971 iurisdictiuni
537 2912 693 2973 subiicere
712 2914 888 2988 votuerunt,
917 2916 1033 2997 legalis
1051 2937 1132 2983 suae
1148 2921 1239 2982 actiui·

130 3011 201 3073 tatis
216 3012 328 3076 limites
348 3018 529 3078 excessisse
546 3018 686 3096 pluribus
704 3022 851 3084 evincere
869 3030 1019 3098 conatur,
1045 3026 1181 3109 ideoque
1197 3028 1240 3090 dc·

129 3119 364 3181 terminationes
390 3121 597 3186 Comitatuum
626 3133 657 3186 et
682 3126 807 3190 Sedium
826 3129 1038 3194 Siculioalium
1066 3134 1099 3196 in
1117 3136 1174 3200 hoc
1190 3154 1241 3196 me·

128 3226 188 3290 rito
206 3223 285 3287 latas
303 3229 434 3305 cassari,
453 3229 559 3294 literas
577 3250 649 3295 suas
668 3235 843 3314 pastorales
861 3240 891 3300 in
910 3255 967 3316 suo
980 3240 1240 3322 vigorereliuqui,

128 3339 159 3393 et
174 3340 373 3412 praesentem
390 3353 477 3399 suam
494 3337 741 3406 dilucidaloriam
760 3343 1004 3409 declaratIonem
1032 3368 1097 3411 una
1116 3370 1180 3413 cum
1195 3369 1240 3412 re-

128 3443 434 3523 praesentationibus
452 3449 982 3516 coneernentium'iurisdictionem
998 3456 1164 3535 Altissimo
1183 3459 1242 3539 llaj.

127 3543 210 3609 Vrae
236 3545 348 3610 SSmae
373 3555 557 3634 conspectui
583 3573 680 3634 penes
718 3561 1060 3626 recommendationem
1097 3565 1241 3648 Religioni

126 3648 333 3717 RGatholicae
350 3655 557 3722 favorabilem
576 3662 735 3727 substerni
752 3676 831 3729 orat.

215 3759 279 3822 Hac
296 3761 371 3843 Eppi
387 3764 538 3829 Transsil.
559 3768 777 3835 declaratione
795 3794 854 3836 urna
866 3749 1241 3860 ourrrr·epraeser{tationi·

127 3865 184 3927 bus
201 3865 441 3933 Universitatum
460 3873 674 3941 comitatuum
692 3879 843 3955 deludit,
869 3881 968 3946 Albae
986 3887 1150 3954 inferioris
1161 3937 1169 3968 ‚
1194 3906 1240 3950 nec

127 3990 189 4035 non
206 3971 299 4038 Sedis
316 3975 490 4043 Siculioalis
508 3981 652 4064 dranyos
671 3989 700 4049 in
717 3988 812 4066 pleno
827 3988 975 4056 Gubernii
987 3993 1083 4076 liegii
1096 4000 1240 4060 consessu

127 4079 184 4141 sub
202 4082 353 4147 hodierno
372 4087 531 4150 celebrato
543 4099 683 4154 maturae
696 4095 915 4161 deliberationi
933 4102 1092 4184 subjecta,
1111 4125 1172 4168 non
1184 4104 1239 4165 sine

127 4182 235 4249 dolore
254 4189 452 4255 observatum
470 4202 536 4257 est:
564 4197 594 4258 in
611 4200 711 4262 literis
728 4202 942 4267 Pastoralibus
960 4207 1066 4271 eidem
1100 4210 1236 4274 declara·

127 4291 203 4354 tioui
227 4295 354 4362 insertis
382 4302 460 4366 tales
485 4307 640 4370 contineri
667 4310 807 4373 cautelas
836 4316 1007 4378 occasione
1040 4318 1236 4383 ineundorum

126 4397 291 4464 mixtorum
307 4413 394 4468 malr.
422 4410 632 4488 adhibendas,
650 4435 728 4498 quae
745 4422 887 4501 positivis
903 4425 1024 4501 patriae
1043 4425 1171 4509 legibus
1185 4445 1234 4490 ae·
