2798 4852
390 859 923 980 montrum.

96 1143 206 1249 (¹um
231 1169 406 1270 qrraestio
424 1165 472 1243 de
488 1169 730 1244 matrimoniis
749 1170 871 1245 mixtis
887 1170 985 1244 inter
1004 1166 1223 1249 Catholicos

94 1300 131 1372 'et
154 1294 443 1393 Protestantes‚
468 1294 575 1367 cuius
599 1291 790 1369 historiam
814 1291 961 1369 (luobus
981 1291 1106 1371 Tomis
1124 1320 1222 1375 anno

96 1417 228 1495 1842.
254 1415 608 1520 Quinqucecclesiis
632 1417 742 1494 editis
765 1442 888 1520 usque
918 1442 1053 1495 annum
1089 1418 1220 1498 1841.

95 1543 368 1645 perduxeram,
396 1540 577 1642 deinceps
612 1566 764 1644 quoque
789 1554 865 1619 tum
889 1546 924 1620 in
948 1543 1118 1644 pluribus
1134 1543 1222 1623 Re-

92 1672 180 1772 gnis
203 1693 247 1744 ac
270 1666 483 1745 Provinciis
506 1664 679 1767 publicae
702 1663 1034 1769 Administrorum
1060 1667 1223 1749 Comiti-

93 1818 225 1893 orum7
258 1817 301 1868 ac
333 1791 548 1891 Principum
582 1791 806 1869 discussioni
829 1792 1026 1896 subjecta,
1051 1805 1127 1872 tum
1151 1821 1220 1898 per

93 1918 275 1996 Eruditos
299 1920 334 1992 in
358 1914 554 2018 permultis
579 1916 772 2018 opusculis
802 1916 1018 2021 libellisque
1041 1921 1220 1998 ventilata

91 2043 359 2145 disput-ataque
383 2041 513 2143 luerit,
537 2040 605 2119 sed
630 2053 669 2118 ct
692 2040 935 2118 lilonumenta
959 2044 1152 2145 complura
1172 2046 1222 2123 ¹ad

92 2169 286 2247 historiam
320 2168 554 2269 quaestionis
587 2168 714 2267 prunis
746 2165 897 2242 dnobus
928 2165 1054 2244 Tomis
1078 2169 1222 2273 vulga-

93 2304 163 2369 tam
197 2294 408 2393 spectantia
442 2293 600 2392 primum
634 2300 721 2392 post
753 2290 877 2367 editos
911 2290 979 2368 hos
1013 2291 1149 2372 Tomos
1173 2290 1223 2373 ad

91 2442 224 2495 manus
257 2419 446 2517 venerint
479 2415 711 2518 multumque
744 2419 921 2493 momenti
951 2416 1132 2496 habeant:
1158 2423 1223 2498 vi-

91 2568 174 2621 sum
207 2552 294 2642 est,
330 2540 447 2619 Tomo
482 2541 568 2617 huic
602 2543 714 2618 tertio
747 2552 819 2617 tam
852 2539 1093 2620 lllonumeuta
1129 2544 1224 2624 hacc

94 2667 352 2771 supplementi
383 2670 499 2743 instar
530 2669 725 2767 inserere,
760 2690 869 2768 quam
902 2665 1091 2744 historiam
1116 2681 1222 2749 matr.

92 2797 297 2870 mixtorum
320 2791 406 2868 inde
430 2790 475 2867 ab
498 2815 596 2868 anno
623 2787 754 2867 1841,
779 2790 1222 2897 usquea.1853.'per-

93 2920 245 2995 ductam
270 2918 525 2993 continuative
549 2939 778 3017 proponere.
803 2914 845 2992 ln
877 2915 994 2995 Tomo
1026 2918 1098 2996 hoc
1131 2919 1221 2999 tto-

95 3053 274 3120 numenta
297 3043 359 3118 dis
384 3048 540 3117 centurn
564 3049 602 3116 et
624 3045 796 3141 triptota
820 3040 1046 3146 vulgantur,
1070 3043 1222 3124 Litora-

91 3181 179 3246 tura
212 3190 308 3244 vero
341 3173 499 3242 ceu-tum
529 3170 789 3267 scptuopinto
820 3176 991 3267 puuttror
1014 3167 1222 3248 ductorum

90 3292 145 3371 de
169 3294 291 3369 mixtis
314 3292 553 3368 matrimoniis
577 3293 811 3366 tractantium
844 3293 941 3368 sistit
963 3305 1223 3394 conspectum.

93 3418 171 3495 Pro
206 3413 407 3509 commodo
439 3412 595 3492 lectoris
629 3417 663 3491 in
698 3423 859 3490 tractatu
899 3413 1081 3494 historico
1114 3418 1222 3499 huius

96 3542 198 3620 Tomi
232 3551 345 3642 prout
377 3542 528 3615 inriatio
562 3539 606 3614 ad
641 3541 797 3640 primum
831 3542 957 3640 operis
981 3539 1151 3648 domum,
1174 3550 1222 3623 ita

93 3667 128 3744 id
154 3689 310 3770 quoque
333 3676 509 3741 accurate
533 3662 748 3741 adnotatum
772 3675 845 3764 cst,
880 3688 955 3767 quo
973 3666 1059 3745 loco
1083 3694 1222 3748 corre-

91 3790 289 3893 spondens
315 3787 614 3867 dlonnnccntum
644 3787 902 3890 quaerendum
924 3794 986 3870 sit.
1024 3835 1074 3846 -
1109 3793 1222 3877 Vocii

94 3912 288 3993 Calendis
311 3914 528 3991 denudatis
556 3910 702 4003 1854,
