2798 4852
576 247 785 327 ..71-

49 468 52 477 ·
114 465 182 514 num
197 457 341 516 nostrum
356 449 588 534 promulgatum
604 449 837 514 tundamentum
862 452 894 516 in
918 450 1044 533 legibus
1069 450 1236 517 Ecclesiae

10 633 12 639 Ι
118 551 150 619 li.
158 558 337 625 Catholicae
354 558 481 633 haheat,
499 563 593 640 atque
608 576 649 621 ex
664 557 776 623 iisdem
793 560 834 623 sit
850 556 1065 642 depromtum:
1090 563 1163 643 quia
1189 567 1236 623 ta·

10 726 12 733 .
73 748 76 753 ,
125 678 183 730 nan
196 672 304 748 utpote
321 667 430 750 lingva
447 666 618 731 vernacula
636 670 849 750 conscriptum
865 666 1109 750 equolilretlcgi
1120 675 1235 749 potest,

64 760 69 835 Ϊ
101 816 106 821 -
129 775 310 860 etpueedam
326 778 358 840 in
374 794 414 840 eo
431 776 513 841 dicta
529 781 659 857 possent
675 773 784 841 lideles
802 779 957 840 nonsatis
982 775 1088 859 legum
1116 774 1234 842 Eccle-

60 886 69 909 '·
133 879 180 948 aiae
194 900 312 969 gnaros
328 886 361 948 in
377 901 519 949 errorem
533 884 704 949 inducere:
728 885 802 949 ideo
829 883 924 950 officii
958 884 1060 950 nostri
1084 900 1156 949 esse
1172 883 1236 948 du·

52 1026 57 1035 ·
132 987 218 1068 dnus,
234 994 375 1075 inprimis
392 1010 471 1068 vos,
497 991 695 1056 dilectissimi
719 992 845 1067 iratres,
872 1001 904 1057 et
919 1010 976 1075 per
990 1012 1051 1058 vos
1068 988 1247 1058 universos

32 1178 42 1187 Ι
127 1106 239 1164 ccciccc
255 1098 413 1165 dioecesis
424 1098 534 1165 fideles
546 1101 685 1184 desuper
695 1102 975 1175 commonefacere,
987 1108 1081 1184 atque
1095 1120 1234 1185 sequen·

10 1270 12 1279 ,
42 1256 47 1261 .
120 1206 163 1270 les
176 1208 466 1273 animadversiones
483 1217 665 1273 annectere.
697 1208 1057 1295 l.Anlcu1058.lcgis
1083 1208 1234 1293 imperia·
1335 1226 1342 1235 ’

10 1300 12 1307 ’
105 1304 150 1374 iis
167 1300 296 1382 dicitur:
314 1318 541 1400 „Posteaquam
568 1319 738 1401 religiosus
764 1321 843 1384 ritus
870 1317 1020 1383 celebrati
1047 1320 1234 1384 matrimonii
1272 1374 1275 1381 ,

91 1416 201 1490 faerit
216 1423 421 1510 adimpletus,
438 1428 609 1503 Paroclrus,
628 1427 681 1510 qui
697 1435 783 1492 tenet
808 1426 919 1492 librum
938 1435 1061 1492 actuum
1086 1427 1234 1501 civilium,
1254 1498 1257 1503 ,
1340 1470 1344 1475 -

79 1533 287 1600 conscribat
304 1540 405 1600 actum
422 1533 577 1598 civilem.“
605 1534 695 1600 circa
713 1538 774 1602 hoc
790 1545 936 1618 punctum
953 1553 1087 1601 necesse
1105 1542 1155 1599 est
1171 1531 1232 1599 ad·

70 1648 233 1710 ¹nouere
248 1645 420 1728 populum,
448 1662 510 1710 non
532 1645 632 1709 solmn
647 1648 740 1710 ritum
757 1645 940 1711 celebrandi
956 1654 1046 1709 matr.
1064 1661 1136 1708 esse
1151 1640 1233 1710 reli·

55 1746 248 1828 giorum,
274 1752 332 1817 sed
358 1755 456 1835 ipsam
472 1759 616 1818 naturam
634 1760 722 1819 actus
740 1773 781 1818 ex
797 1758 923 1837 integro
941 1773 1012 1819 esse
1034 1755 1232 1838 religiosam,

39 1853 257 1945 ,Siquidem
273 1866 456 1925 contractus
472 1862 557 1925 inter
571 1865 724 1946 coniuges
751 1864 786 1928 in
811 1863 887 1948 lege
913 1871 1044 1930 naturae
1069 1861 1232 1937 landatur,

52 1969 162 2035 ver
174 1967 394 2057 legislatorem
412 1985 489 2032 vero
504 1973 645 2033 nostrum
661 1968 769 2034 iesum
786 1970 940 2036 Christum
955 1970 1056 2034 Deum
1081 1972 1230 2034 incarna-

50 2071 223 2146 tura-ad
239 2082 426 2166 dignitatem
442 2081 637 2148 Sacramenti
653 2090 703 2146 est
719 2083 880 2163 elevatus,
896 2082 1030 2165 proinde
1046 2100 1109 2147 non
1125 2085 1231 2166 potest

50 2191 207 2256 valide
224 2191 307 2266 iniri,
325 2192 385 2255 nisi
400 2192 432 2255 in
448 2190 529 2254 lacie
545 2189 709 2256 Ecclesiae
727 2199 759 2256 et
775 2195 807 2257 in
823 2195 1006 2278 praesentia
1022 2191 1154 2274 legitimi
1173 2207 1230 2253 sa-

18 2292 25 2301 ’
50 2302 157 2389 cri*
166 2301 310 2374 ministri,
326 2316 390 2363 non
408 2306 511 2363 autern
527 2299 627 2364 ciuilis
643 2303 864 2385 rnagistratus3
891 2306 1083 2385 quapropter
1101 2306 1132 2363 et
1148 2314 1230 2363 con-

50 2409 232 2491 scriptio
249 2408 320 2474 talis
337 2416 519 2473 contractus
537 2414 586 2473 est
604 2417 692 2474 actus
708 2410 890 2495 religiosus,
907 2407 1105 2473 seumatrica
1117 2404 1229 2471 eccle-

52 2512 240 2584 Siasttca.
274 2516 393 2592 Quodsi
420 2519 547 2583 metrica
573 2520 809 2585 matrimonialis
835 2520 958 2586 dicatur
991 2525 1080 2582 actus
1116 2515 1228 2588 civilis,

51 2626 211 2694 Posset
226 2628 288 2693 lroc
303 2626 412 2690 fideles
429 2628 460 2690 in
487 2643 656 2690 erroneam
679 2627 831 2692 inducere
856 2628 1055 2712 opinionem,
1081 2624 1172 2707 quasi
1196 2625 1229 2686 in

53 2720 217 2801 totale
239 2734 315 2800 nihil
340 2741 467 2818 praeter
491 2735 617 2799 civilem
640 2744 742 2801 actum
767 2724 998 2810 inter-cederet,
1025 2731 1110 2817 quod
1135 2732 1228 2795 etiarn

53 2827 244 2909 fidelibus
260 2845 462 2908 occasionem
480 2842 519 2905 ed
534 2843 821 2926 parvipendendum
838 2845 930 2909 talem
943 2849 1137 2908 contractum
1148 2856 1226 2925 pos·

58 2954 155 3013 Set
167 2951 332 3037 praebere.
356 2950 423 3024 Qua
439 2952 471 3015 in
487 2969 521 3014 re
538 2955 735 3034 experientia
752 2955 844 3019 nohis
861 2955 1043 3038 magistram
1061 2970 1097 3016 se
1115 2951 1226 3016 offert:

54 3061 244 3127 nonnus
259 3078 392 3144 namque
409 3060 551 3127 codicem
567 3061 780 3144 Napoleonis‚
807 3071 1012 3147 posteaquam
1041 3042 1131 3126 actus¹
1146 3059 1227 3124 reli-

61 3166 209 3238 giosos
225 3173 256 3235 in
273 3171 383 3235 civiles
400 3170 699 3253 transformaverat,
724 3172 764 3236 ad
790 3192 860 3237 eum
886 3172 1019 3256 gradum
1035 3168 1226 3233 indifferen-

65 3267 167 3351 tiae,
178 3281 361 3362 errorisque
377 3280 487 3344 fideles
503 3281 654 3363 quosdam
670 3280 880 3362 perduxisse,
896 3287 929 3344 ut
944 3283 1140 3343 contractum
1157 3292 1226 3371 ura-¹

64 3375 306 3453 tl'ittonialem
323 3407 428 3454 coram
445 3390 513 3455 solo
530 3393 716 3474 magistratu
733 3376 825 3462 civili
843 3388 937 3470 idque
954 3391 1070 3450 tentum
1088 3382 1126 3446 ad
1144 3381 1225 3448 deli-

71 3486 194 3558 ¹¹ilum
210 3504 335 3581 tempus
351 3486 432 3563 inirc
447 3516 512 3562 non
529 3500 752 3564 exhorruerint
761 3494 776 3572 ,’
796 3497 888 3579 leges
914 3493 1077 3558 Ecclesiae
1095 3509 1227 3555 vocem·
1290 3572 1312 3581 ..
1332 3511 1335 3515 ⁷

74 3602 162 3668 qne
175 3605 392 3673 conscientiae
408 3597 496 3670 nilili
512 3605 675 3671 facientes.
700 3607 731 3671 2.
749 3607 785 3671 ln
803 3606 868 3670 Art.
889 3604 963 3668 195.
980 3605 1129 3684 scriptum
1156 3607 1225 3665 est:

73 3701 200 3778 ‘affilas
226 3713 357 3778 educari
382 3710 500 3778 debere
525 3717 556 3779 in
582 3716 741 3798 religione
756 3715 876 3799 patris,
902 3713 981 3778 filias
1004 3731 1084 3777 vero
1110 3714 1143 3776 in
1167 3728 1225 3774 re·

71 3791 218 3889 ligium
251 3822 376 3895 matris,
418 3820 480 3885 nisi
511 3828 582 3886 ante
615 3823 722 3887 initum
759 3821 988 3887 matrimonium
1020 3818 1113 3883 aliter
1142 3818 1226 3884 inter
1300 3820 1303 3824 ’
1373 3819 1374 3823 ’

67 3917 251 4013 00niuges
280 3929 381 3995 iucrit
412 3930 636 3997 conventum.“
677 3931 768 4006 Quod
799 3932 882 3996 hunc
907 3928 1069 3994 articulum
1094 3929 1224 4000 attinet,

64 4019 231 4104 ne(lesse
256 4044 305 4102 est
330 4040 490 4103 instruere
515 4038 643 4118 fideles,
675 4038 751 4123 lege
781 4036 946 4104 Ecclesiae
976 4037 1010 4100 R.
1043 4033 1224 4099 Catholicae

59 4123 195 4212 veirari
216 4132 217 4135 ¹
235 4146 379 4211 fidelibus
419 4134 569 4231 coniugia
608 4167 677 4212 cum
717 4150 865 4229 personis
897 4165 914 4208 a
946 4144 1102 4229 religione
1138 4143 1223 4207 catlr.

55 4223 217 4317 alienis.
256 4253 377 4329 Quodsi
407 4254 575 4337 aliquando
608 4255 754 4321 Ecclesia
785 4258 815 4320 in
847 4255 906 4319 hac
937 4254 1011 4338 lege
1050 4250 1247 4331 dispensat,¹
1331 4267 1349 4344 ᾗ
1395 4266 1398 4271 ’

48 4317 106 4398 id
123 4370 206 4428 -non
223 4361 313 4429 aliter
329 4363 415 4440 lecit,
431 4364 493 4427 nisi
508 4364 565 4428 sub
582 4361 773 4441 conditione,
799 4370 834 4429 ut
849 4364 956 4447 proles
979 4364 1142 4447 utriusque
1160 4381 1217 4427 se·

43 4437 151 4527 '³¹¹⁸
170 4471 325 4564 catholice
342 4473 528 4543 educentur.
563 4473 672 4539 Nullas
696 4492 773 4543 vero
791 4471 868 4543 allas
886 4474 954 4539 sive
972 4480 1044 4537 ante
1063 4473 1135 4538 sive
1151 4477 1223 4554 post
