2798 4852
461 286 465 293 ·
532 269 821 363 ¹--·ooo--

124 465 243 540 dubito,
260 467 395 530 demisso
413 478 482 530 meo
495 478 597 530 =sensu
621 483 680 529 nos
707 469 895 544 nostrasque
910 480 964 528 res
982 462 1077 527 tantis
1093 461 1142 527 bis
1159 464 1229 528 malis

129 593 166 637 ac
182 573 433 656 impendentibus
451 572 654 637 ulterioribus
681 574 772 637 etiam
797 572 947 653 periculis
970 590 1037 636 non
1053 570 1146 636 aliter
1161 572 1234 653 eripi,

130 684 202 764 quin
219 681 365 760 publicae
391 683 484 745 etiam
510 682 603 765 regni
629 679 841 761 tranquillitati
869 696 931 742 non
948 695 1046 744 secus
1060 674 1157 764 posse
1175 695 1235 762 pro·

131 791 227 871 spici,
259 789 394 870 quamsi
411 787 472 853 Sua
489 787 647 853 Sanctitas
664 788 833 877 humillime
858 804 915 870 per
931 781 983 851 me
998 783 1065 854 Sibi
1085 786 1237 871 propositis

32 979 36 986 .
132 896 298 961 desideriis
317 895 489 961 clementer
506 897 660 960 annuerit.
769 885 838 947 -’

220 1003 369 1086 Equidem
386 1005 514 1087 dignata
531 1013 580 1069 est
597 1005 777 1073 Eminentia·
789 985 904 1069 aesna
931 1002 1035 1085 quoad
1062 1005 1238 1085 haecnoper

130 1113 319 1177 reflectere:
351 1113 434 1196 quod
451 1112 680 1177 concessiones
704 1130 762 1194 per
777 1110 890 1188 Sedem
907 1102 1128 1197 Apostolicam
1150 1107 1180 1176 in
1193 1111 1238 1174 ob·

48 1246 52 1255 ·
132 1221 214 1284 lecto
231 1221 397 1284 mixtorum
414 1228 502 1284 matr.
527 1219 624 1285 certis
650 1221 820 1304 provinciis
837 1220 971 1299 tributae
986 1235 1052 1283 non
1067 1221 1189 1304 possint
1200 1218 1241 1282 in·

132 1327 368 1392 discriminatim
385 1345 443 1412 pro
460 1326 528 1392 aliis
545 1329 733 1410 regionibus
750 1330 782 1399 in
799 1328 980 1411 exemplum
990 1328 1085 1392 trabi.
1110 1327 1169 1419 Ast
1184 1332 1241 1410 'spe-

132 1437 337 1529 cialissimam
347 1436 540 1499 Eminentiae
551 1436 686 1499 Vestrae
697 1435 878 1518 sapientiam
895 1435 977 1499 haud
994 1435 1110 1521 lugiet,
1121 1434 1242 1501 Summos

54 1538 58 1549 '
132 1543 307 1617 Pontifices,
325 1545 395 1608 dum
412 1560 485 1608 suas
502 1544 564 1609 boc
589 1545 622 1607 in
648 1561 769 1626 genere
795 1545 1025 1610 concessiones
1051 1542 1240 1628 largirentur.

14 1651 17 1661 ’
52 1716 56 1723 ,
133 1653 316 1734 principium
327 1648 427 1730 'ctiam
445 1651 636 1726 universale,
655 1671 695 1714 ex
712 1667 773 1733 quo
788 1651 857 1715 illas
875 1651 1080 1727 derivabant,
1108 1652 1241 1715 enuncia·

134 1761 230 1834 aisse,
259 1759 404 1842 adeoque
421 1760 496 1823 licet
512 1761 736 1824 concessiones
762 1759 835 1822 illae
862 1760 981 1842 absque
998 1759 1098 1825 dubio
1114 1740 1240 1843 specialis

133 1865 326 1947 apostolieae
344 1860 467 1951 gratiae
495 1870 681 1957 contineant
695 1868 860 1946 rationem,
882 1885 951 1930 curn
968 1875 1072 1931 tamon
1090 1876 1132 1931 'ex
1146 1867 1239 1930 incon·

131 1991 225 2037 cosso
243 1976 395 2058 principio
422 1978 657 2057 processerint,
686 1992 741 2039 eas
767 1993 825 2058 pro
852 1973 924 2039 aliis
947 1976 1042 2043 etiam
1059 1952 1238 2058 regionibus.

104 2071 111 2079 ⁵
132 2099 208 2163 quas
226 2083 336 2147 eadem
351 2091 447 2166 urget
464 2083 651 2170 necessitas,
679 2085 761 2147 sicut
779 2081 818 2146 ad
836 2082 995 2147 ardendas
1011 2101 1130 2164 preces
1145 2099 1238 2146 exem·

127 2192 191 2272 pla,
209 2193 387 2272 motivaque
404 2192 617 2275 suppeditare,
635 2193 677 2256 ita
694 2189 871 2275 sperandae
888 2192 979 2254 etiam
996 2191 1086 2275 paris
1103 2187 1238 2273 apostoli·

76 2376 79 2381 Ι
131 2318 188 2362 cae
214 2300 418 2384 benignitatis
444 2300 585 2365 fiduciam
612 2317 799 2382 suggerere.
832 2295 942 2381 ltaque
969 2298 1003 2362 in
1021 2282 1120 2381 ¹spem
1146 2300 1238 2379 erigor

132 2407 212 2482 fore,
228 2414 261 2471 ut
277 2407 359 2474 Suae
378 2408 557 2472 Sanctitatis
574 2408 753 2490 benignitas
767 2406 800 2471 id
811 2406 903 2471 nobis
912 2405 1088 2490 ‚largitatum
1105 2405 1239 2490 quotm-

132 2513 183 2576 bui
200 2515 391 2599 indigentiae
417 2522 547 2581 nostrae
572 2514 751 2599 postulant,
782 2496 940 2578 tributum
959 2533 1038 2579 vero
1067 2515 1137 2580 aliis
1160 2512 1239 2578 inisse

132 2624 275 2707 exempla
291 2631 547 2688 commonstrant.

220 2767 264 2778 -
281 2767 322 2776 -
339 2732 472 2797 Summis
488 2734 592 2812 itaque
608 2732 754 2814 precibus
775 2729 979 2796 Eminentiam
997 2731 1145 2795 Vestram
1163 2729 1237 2793 obte-

131 2846 216 2902 stor:
241 2848 274 2902 ut
291 2860 307 2903 e
328 2842 407 2903 iusta
426 2859 546 2919 eorum,
563 2859 648 2923 quae.
661 2848 724 2904 tum
739 2840 960 2921 praesentibus
976 2839 1081 2903 literis
1099 2847 1162 2904 tum
1177 2835 1238 2900 alias

10 3025 13 3030 1
130 2946 202 3009 viva
220 2964 298 3011 voce
315 2947 442 3011 adferre
459 2948 603 3022 sustinui,
621 2949 879 3039 consideratione
890 2946 1113 3014 cunctisstiae
1131 2946 1237 3013 Sancti·

9 3104 12 3109 .
132 3057 196 3127 tati,
213 3056 305 3119 biove
322 3058 492 3138 propositis
509 3055 675 3121 desideriis
693 3055 874 3140 suffragari,
902 3075 1002 3139 aeque
1020 3075 1083 3138 pro
1101 3049 1236 3139 singulari

36 3196 40 3201 -
129 3163 198 3239 illa,
230 3181 290 3244 qua
307 3164 387 3245 apud
405 3162 619 3227 beatissimum
636 3159 757 3228 Patrem
784 3167 894 3228 merito
913 3180 970 3227 suo
987 3164 1113 3247 pollet,
1144 3161 1199 3225 fide
1211 3164 1235 3221 ct

131 3273 231 3352 gratia
249 3272 287 3334 ad
306 3278 444 3354 optatum
461 3274 576 3336 exitum
594 3272 736 3356 dirigere
755 3273 915 3356 dignetur.
1080 3254 1083 3258 ⁴

175 3442 177 3447 ,
210 3413 262 3467 ¹—
282 3413 321 3424 -
337 3413 374 3424 -
394 3379 521 3455 Romae,
539 3378 589 3444 die
606 3379 660 3446 22.
678 3381 754 3445 Dec.
774 3379 870 3446 1840.
902 3379 1068 3464 Josepbus
1092 3377 1238 3447 bononias,

130 3485 234 3570 Eppus
252 3487 485 3552 Csanadiensis.

649 3706 737 3780 599.

129 3877 271 3936 'l'ertlutn
290 3874 478 3935 Memoriale
502 3877 646 3934 ciusdem
658 3874 823 3934 Praesulis
845 3844 886 3935 ad
900 3874 999 3936 Oard.
1013 3877 1108 3936 Scor.
1135 3874 1243 3936 Slalrtr
1273 3872 1276 3945 ζ

513 3967 566 4023 dd.
579 3967 626 4025 14.
640 3967 771 4025 Januar.
784 3968 871 4026 1841.
1274 3958 1276 3975 '

219 4134 471 4200 Eminentissime
487 4144 548 4200 etc.
574 4136 651 4201 Inde
677 4156 694 4200 a
720 4145 860 4219 tempore
886 4135 1028 4200 datarum
1063 4156 1120 4221 per
1135 4153 1180 4198 me
1193 4127 1235 4194 sub
1274 4138 1276 4183 t

131 4241 181 4306 22.
200 4246 362 4325 praeteriti
377 4247 495 4309 mensis
512 4253 544 4309 et
562 4236 634 4310 anni
652 4247 691 4311 ad
707 4247 914 4310 Eminentiam
925 4245 1076 4310 Vestram
1094 4246 1235 4310 literarum

31 4382 35 4387 ·
130 4351 272 4430 repetitis
289 4352 409 4416 vicibus
427 4353 465 4416 ad
482 4353 652 4436 benignum
669 4353 845 4418 Beatissimi
863 4354 964 4417 Patris
991 4351 1110 4418 Summi
1125 4342 1234 4418 Ponto·

131 4439 176 4503 cis
193 4448 395 4524 conspectum
412 4440 576 4517 admissus,
593 4462 650 4529 pro
668 4462 795 4508 munere
813 4462 884 4509 meo
901 4442 1092 4528 egisedulo,
1109 4449 1143 4509 ut
1157 4450 1231 4522 prta·
