2798 4852
383 294 386 301 .
477 252 489 377 ‘v
527 294 531 301 .
571 234 820 377 „¹2‘q'q„
880 220 884 235 '

24 508 28 517 ,
70 482 73 491 ·
125 454 237 511 'nocua
252 417 371 512 isthaec
387 449 581 513 matrimonia
597 463 688 525 csse3
707 422 957 528 quondoqiidem
968 438 1258 547 Ecclesiae-legent

85 588 89 595 ·
133 554 409 633 pessumtradunt,
434 555 526 619 tidem
548 554 721 619 incessanti
747 555 887 635 periculo
911 563 1092 636 exponunt,
1123 558 1258 625 necdum

135 677 221 727 suam
232 682 363 737 ,rerum
380 665 473 728 etiam
486 664 587 746 prolis
603 662 735 727 salutem
746 661 886 737 ,ludibrio
902 661 1039 738 habent,
1056 671 1088 728 et
1103 664 1258 747 siquidem

2 779 8 799 ¹
64 800 72 849 ,·
133 789 187 834 res
212 774 271 835 isto
296 790 379 835 nune
405 772 485 837 adeo
512 764 786 854 publiceagitur',
812 777 846 833 ut
862 789 955 836 nemo
972 772 1021 834 ius
1043 772 1258 848 non'norerit

133 897 224 944 nemo
242 897 306 942 non
321 880 446 942 noverit
461 879 596 955 tactum,
613 877 686 942 ltine
703 884 734 939 et
751 877 811 958 ipsi
825 885 996 959 peccantes
1011 856 1258 969 veluti'aposta·

110 976 203 1048 ‘siae
226 985 274 1048 rei
299 988 529 1049 constituuntur
555 990 588 1046 et
612 984 732 1047 'ceteris
756 982 944 1049 offendiculo
971 992 1042 1048 suot
1058 987 1258 1068 maximoque

12 1111 41 1187 ,ᾗ
135 1091 295 1156 scandale.
312 1091 348 1155 ln
363 1092 411 1155 his
436 1070 621 1164 versandis,
647 1090 923 1173 exponendisque,
949 1092 1065 1189 tratres
1080 1092 1114 1156 in
1133 1093 1258 1157 chriso

10 1226 18 1245 ν
134 1199 355 1276 amantissimi,
372 1205 406 1262 ut
430 1201 488 1263 toti
506 1199 601 1273 sitis,
628 1199 722 1262 etiam
738 1204 836 1280 atqua
851 1197 944 1261 etiam
959 1197 1142 1274 hortamur,
1169 1200 1258 1263 simul

33 1366 36 1373 ,
60 1340 64 1365 ι
105 1286 109 1305 ’
134 1313 317 1380 monentes,
343 1305 427 1387 quod
441 1307 532 1371 vobis
548 1307 626 1386 ipsis
642 1302 726 1368 nullu
744 1304 785 1368 sit
801 1306 873 1388 lege
893 1305 1009 1371 licitum
1026 1305 1057 1368 in
1073 1306 1126 1369 his
1143 1306 1258 1370 coniu-

65 1418 68 1423 '
135 1413 197 1495 giis
214 1412 411 1476 celebrandis
434 1419 554 1496 partem
581 1412 715 1494 aliquam
730 1412 856 1476 hebere.
882 1411 957 1475 Tum
973 1430 1051 1477 vero
1068 1412 1258 1476 adulterum

135 1521 217 1602 quod
235 1529 375 1601 spectat,
402 1523 539 1603 excipite
555 1537 731 1593 conversos
748 1539 805 1597 ea,
831 1517 892 1603 qua
916 1538 971 1602 par
986 1527 1055 1593 est,
1086 1519 1258 1600 prudentia

1 1630 45 1707 Q.
73 1632 76 1639 ’
136 1637 168 1690 et
184 1630 331 1707 caritate;
355 1629 521 1711 prudentia
546 1627 689 1710 quidem,
715 1646 755 1690 nc
780 1627 853 1691 tlote
878 1629 1076 1709 poenitentes
1090 1626 1258 1691 Ecclesiae

137 1732 255 1800 sanetis
280 1736 404 1820 legibus
436 1736 579 1808 illudunt3
613 1738 743 1799 caritate
760 1732 881 1813 autem,
906 1742 1034 1801 oluere
1052 1737 1258 1819 poenitentes

62 1936 65 1943 Ι
136 1832 244 1923 pacem
268 1834 456 1948 inveniant,
470 1845 592 1925 sintque
617 1846 717 1926 magis
745 1845 904 1908 commissi
920 1843 1089 1926 reparandi
1105 1859 1258 1926 capaces,

136 1951 230 2033 idque
248 1952 334 2015 iuxta
346 1953 499 2035 regulam,
512 1970 602 2034 quarn
618 1952 691 2015 illae
707 1951 816 2015 literae
831 1951 967 2017 Nostrae
983 1952 1061 2015 satis
1071 1950 1258 2016 indicarunt.

16 2104 20 2111 .
137 2053 290 2124 imovero
307 2060 408 2141 agite,
425 2067 479 2138 et,
497 2067 646 2141 quantum
663 2061 806 2141 potestis
824 2059 1015 2132 contendite,
1032 2066 1066 2122 ut
1081 2058 1258 2124 huiusmodi

77 2218 90 2251 Ι,
135 2173 320 2245 peccatores
347 2174 378 2230 et
393 2169 510 2232 utinam
536 2185 647 2231 omnes
665 2167 766 2230 denuo
783 2167 863 2229 viam
893 2167 1002 2231 salutis
1027 2165 1258 2248 ingrediantur.

29 2298 32 2307 ·
65 2288 81 2359 Ι·
127 2272 196 2337 .hoc
212 2280 311 2336 tamen
329 2282 443 2356 pacto,
460 2282 493 2337 ut
510 2292 675 2356 numquam
690 2272 807 2338 horror
823 2276 948 2355 peceati
963 2273 1073 2356 ipsius,
1090 2290 1258 2354 numquam.

135 2381 317 2443 reverentia
336 2381 504 2444 Ecclesiae
529 2381 654 2463 lembus
681 2381 788 2445 debita
817 2381 931 2464 aliquid
947 2381 1126 2445 detrimenti
1143 2382 1258 2461 capiat.

226 2486 310 2550 Haec
327 2491 517 2552 necessitate
536 2488 686 2569 compulsi
702 2506 758 2571 pro
776 2508 906 2553 munere
924 2489 1044 2552 Nostro
1062 2488 1204 2561 subisti
1232 2518 1258 2535 -

139 2601 202 2658 tres
218 2596 249 2657 in
266 2595 389 2660 Christo
417 2598 590 2674 carissimi,
616 2595 948 2660 denuocommendare
974 2603 1180 2679 opportunum
1197 2596 1258 2659 du-

136 2704 249 2766 ximus.
274 2702 338 2767 Vos
361 2711 500 2766 ceterum
515 2711 621 2783 partes
638 2712 759 2767 vestras
774 2721 834 2787 pro
851 2706 968 2767 viribus
986 2704 1149 2774 sustinete,
1168 2701 1258 2765 adla-

137 2811 249 2872 burste
263 2809 417 2899 indefessi
434 2811 466 2872 in
484 2813 574 2874 vinea
600 2812 743 2881 Domini,
774 2812 873 2874 verbo
899 2818 931 2871 et
957 2810 1101 2889 exemplo
1126 2788 1258 2892 praelu‘¹

138 2923 263 2980 centes:
279 2923 488 2991 mementote,
505 2935 562 2980 vos
580 2935 652 2980 esse
669 2917 715 2979 sal
732 2922 837 2980 terrae
854 2923 884 2979 et
899 2915 999 2978 lucem
1016 2896 1122 2979 niundi
1132 2936 1141 2992 ;
1163 2922 1258 2997 atqua

139 3023 260 3086 deinum
284 3022 360 3085 nihil
384 3024 569 3087 intentatum
595 3023 783 3104 relinquite,
814 3031 848 3085 ut
878 3024 984 3106 populi
1020 3024 1258 3086 institutionem.

137 3146 262 3205 mores,
287 3132 419 3194 salutem
448 3137 628 3204 aeternam,
655 3129 816 3194 Ecclesiae
834 3138 1001 3210 augustam
1023 3132 1258 3207 'auctoritatem

137 3242 183 3302 rei
201 3239 390 3303 christianae
408 3258 445 3303 ae
461 3238 604 3321 publicae
621 3240 735 3301 bonum
753 3245 784 3299 et
801 3257 910 3321 pacem
922 3241 1143 3318 promoveatis.
1161 3238 1258 3311 Quem

40 3358 44 3373 ¹
137 3344 169 3409 in
186 3346 278 3410 linem
294 3350 396 3433 omnia
413 3348 503 3408 vobis
519 3347 601 3408 bona
617 3345 782 3428 faustaque
799 3367 815 3408 a
833 3347 899 3408 lleo
914 3355 1096 3428 precantes,
1112 3355 1258 3426 pastora-

137 3455 197 3516 lem
214 3453 465 3517 benedictionem
481 3460 678 3534 peramanter
702 3453 906 3535 impertimur.

655 3670 744 3742 499.

137 3858 344 3930 Rescriptum
365 3856 553 3915 vteartutus
577 3858 841 3916 Vrntlsloviensis
859 3861 900 3917 ad
912 3860 1258 3933 Archipresbyteratus

156 3950 404 4020 Strleguvlensls
425 3948 589 4005 Purochos
603 3949 642 4005 de
655 3955 749 4007 matr.
766 3951 897 4018 mixtis,
917 3951 970 4007 dd.
983 3951 1034 4043 ,²8¹
1048 3953 1139 4022 Sept.
1153 3952 1243 4010 1841.

211 4114 273 4178 Das
283 4117 407 4180 hochw.
420 4116 803 4199 dspicatm-vicariana
811 4125 851 4180 mt
861 4120 913 4181 lrat
928 4121 984 4182 mir
995 4119 1043 4182 dd.
1057 4119 1109 4182 24.
1122 4114 1258 4204 August,

140 4220 190 4284 die
215 4223 440 4307 Verhandlung
465 4223 523 4287 des
540 4225 638 4288 ehrw.
656 4224 838 4307 Striegauer
855 4225 1258 4306 Archipresbyteratscon·

139 4337 229 4392 vcnts
246 4329 449 4410 iibergelten,
475 4351 525 4395 mn
551 4333 733 4415 diejenige'n
759 4332 849 4397 dorin
868 4333 1069 4398 entlraltenen
1086 4334 1206 4398 Punote
1220 4354 1258 4398 zu

138 4435 325 4510 resolviren,
341 4437 463 4500 welche
479 4456 515 4501 es
531 4438 576 4503 als
593 4459 633 4503 zu
650 4441 757 4504 seiner
775 4439 964 4522 Competenz
982 4440 1065 4504 niclrt
1082 4440 1258 4524 gehttrend,
