<?xml version="1.0" encoding="UTF-8"?>
<!DOCTYPE html PUBLIC "-//W3C//DTD XHTML 1.0 Transitional//EN"
    "http://www.w3.org/TR/xhtml1/DTD/xhtml1-transitional.dtd">
<html xmlns="http://www.w3.org/1999/xhtml" xml:lang="en" lang="en">
 <head>
  <title>
</title>
<meta http-equiv="Content-Type" content="text/html;charset=utf-8" />
  <meta name='ocr-system' content='tesseract 3.04.00' />
  <meta name='ocr-capabilities' content='ocr_page ocr_carea ocr_par ocr_line ocrx_word'/>
</head>
<body>
  <div class='ocr_page' id='page_1' title='image "./dematrimoniismi00roskgoog/dematrimoniismi00roskgoog_0603.png"; bbox 0 0 2798 4852; ppageno 0'>
   <div class='ocr_carea' id='block_1_1' title="bbox 513 198 1086 343">
    <p class='ocr_par' dir='ltr' id='par_1_1' title="bbox 513 198 1086 343">
     <span class='ocr_line' id='line_1_1' title="bbox 513 198 1086 343; baseline 0 0"><span class='ocrx_word' id='word_1_1' title='bbox 513 198 518 205; x_wconf 33' lang='lat'>¹</span> <span class='ocrx_word' id='word_1_2' title='bbox 637 238 973 343; x_wconf 36' lang='lat' dir='ltr'>..trae-“²²</span> <span class='ocrx_word' id='word_1_3' title='bbox 1040 250 1086 269; x_wconf 84' lang='grc'><strong>”</strong></span> 
     </span>
    </p>
   </div>
   <div class='ocr_carea' id='block_1_2' title="bbox 78 416 1303 555">
    <p class='ocr_par' dir='ltr' id='par_1_2' title="bbox 78 416 1303 555">
     <span class='ocr_line' id='line_1_2' title="bbox 78 416 1303 555; baseline -0.009 -19"><span class='ocrx_word' id='word_1_4' title='bbox 78 422 85 431; x_wconf 32' lang='grc'><strong><em>.</em></strong></span> <span class='ocrx_word' id='word_1_5' title='bbox 172 428 225 535; x_wconf 79' lang='lat' dir='ltr'>an.</span> <span class='ocrx_word' id='word_1_6' title='bbox 245 416 343 550; x_wconf 77' lang='lat' dir='ltr'>April.</span> <span class='ocrx_word' id='word_1_7' title='bbox 363 464 460 530; x_wconf 86' lang='grc'>1841.</span> <span class='ocrx_word' id='word_1_8' title='bbox 472 461 572 529; x_wconf 80' lang='lat' dir='ltr'>Breve</span> <span class='ocrx_word' id='word_1_9' title='bbox 584 425 742 528; x_wconf 88' lang='lat' dir='ltr'>obtentum</span> <span class='ocrx_word' id='word_1_10' title='bbox 750 470 821 529; x_wconf 76' lang='lat' dir='ltr'>est-z</span> <span class='ocrx_word' id='word_1_11' title='bbox 838 418 992 555; x_wconf 86' lang='lat' dir='ltr'>quodiam</span> <span class='ocrx_word' id='word_1_12' title='bbox 1004 462 1303 545; x_wconf 83' lang='lat' dir='ltr'>Catholicosqncad</span> 
     </span>
    </p>
   </div>
   <div class='ocr_carea' id='block_1_3' title="bbox 50 569 1292 778">
    <p class='ocr_par' dir='ltr' id='par_1_3' title="bbox 26 569 1292 778">
     <span class='ocr_line' id='line_1_3' title="bbox 50 569 1292 663; baseline -0.008 -21"><span class='ocrx_word' id='word_1_13' title='bbox 50 569 57 577; x_wconf 73' lang='grc'><strong><em>’</em></strong></span> <span class='ocrx_word' id='word_1_14' title='bbox 93 600 105 663; x_wconf 57' lang='lat'><em>3</em></span> <span class='ocrx_word' id='word_1_15' title='bbox 124 574 127 579; x_wconf 85' lang='grc'><strong>’</strong></span> <span class='ocrx_word' id='word_1_16' title='bbox 178 577 406 660; x_wconf 89' lang='lat' dir='ltr'>dispositiones</span> <span class='ocrx_word' id='word_1_17' title='bbox 422 577 455 640; x_wconf 92' lang='lat' dir='ltr'>in</span> <span class='ocrx_word' id='word_1_18' title='bbox 470 572 648 656; x_wconf 77' lang='lat' dir='ltr'>lincycliris</span> <span class='ocrx_word' id='word_1_19' title='bbox 664 575 780 636; x_wconf 91' lang='lat' dir='ltr'>nostris</span> <span class='ocrx_word' id='word_1_20' title='bbox 797 578 964 636; x_wconf 87' lang='lat' dir='ltr'>contentas</span> <span class='ocrx_word' id='word_1_21' title='bbox 981 570 1197 652; x_wconf 75' lang='lat' dir='ltr'>tranquillare,</span> <span class='ocrx_word' id='word_1_22' title='bbox 1212 589 1292 654; x_wconf 90' lang='lat' dir='ltr'>quam</span> 
     </span>
     <span class='ocr_line' id='line_1_4' title="bbox 116 678 1292 778; baseline -0.006 -28.498"><span class='ocrx_word' id='word_1_23' title='bbox 116 772 120 778; x_wconf 19' lang='lat'>²</span> <span class='ocrx_word' id='word_1_24' title='bbox 170 687 247 768; x_wconf 92' lang='lat' dir='ltr'>ipsis</span> <span class='ocrx_word' id='word_1_25' title='bbox 277 678 468 749; x_wconf 83' lang='lat' dir='ltr'>Acaibolinis</span> <span class='ocrx_word' id='word_1_26' title='bbox 499 681 531 746; x_wconf 92' lang='lat' dir='ltr'>in</span> <span class='ocrx_word' id='word_1_27' title='bbox 555 679 864 766; x_wconf 83' lang='lat' dir='ltr'>tuntumfavcrabile</span> <span class='ocrx_word' id='word_1_28' title='bbox 890 679 954 744; x_wconf 91' lang='lat' dir='ltr'>dici</span> <span class='ocrx_word' id='word_1_29' title='bbox 978 685 1104 760; x_wconf 88' lang='lat' dir='ltr'>potest,</span> <span class='ocrx_word' id='word_1_30' title='bbox 1137 681 1171 743; x_wconf 94' lang='lat' dir='ltr'>in</span> <span class='ocrx_word' id='word_1_31' title='bbox 1196 699 1292 762; x_wconf 91' lang='lat' dir='ltr'>quan·</span> 
     </span>
    </p>
   </div>
   <div class='ocr_carea' id='block_1_4' title="bbox 86 787 1302 1633">
    <p class='ocr_par' dir='ltr' id='par_1_4' title="bbox 99 787 1302 1304">
     <span class='ocr_line' id='line_1_5' title="bbox 159 787 1302 889; baseline -0.006 -32"><span class='ocrx_word' id='word_1_32' title='bbox 159 801 236 871; x_wconf 52' lang='lat' dir='ltr'>,tum</span> <span class='ocrx_word' id='word_1_33' title='bbox 252 810 311 874; x_wconf 91' lang='lat' dir='ltr'>pro</span> <span class='ocrx_word' id='word_1_34' title='bbox 328 808 404 855; x_wconf 90' lang='lat' dir='ltr'>casn</span> <span class='ocrx_word' id='word_1_35' title='bbox 420 789 646 855; x_wconf 80' lang='lat' dir='ltr'>modificandae</span> <span class='ocrx_word' id='word_1_36' title='bbox 661 789 743 889; x_wconf 85' lang='lat' dir='ltr'>legis</span> <span class='ocrx_word' id='word_1_37' title='bbox 758 791 879 872; x_wconf 91' lang='lat' dir='ltr'>patriae</span> <span class='ocrx_word' id='word_1_38' title='bbox 895 787 1035 862; x_wconf 90' lang='lat' dir='ltr'>admittit,</span> <span class='ocrx_word' id='word_1_39' title='bbox 1053 794 1089 850; x_wconf 90' lang='lat' dir='ltr'>nt</span> <span class='ocrx_word' id='word_1_40' title='bbox 1105 788 1302 875; x_wconf 83' lang='lat' dir='ltr'>matrimonia·</span> 
     </span>
     <span class='ocr_line' id='line_1_6' title="bbox 177 895 1293 992; baseline 0 -33"><span class='ocrx_word' id='word_1_41' title='bbox 177 901 274 962; x_wconf 88' lang='lat' dir='ltr'>mixta</span> <span class='ocrx_word' id='word_1_42' title='bbox 302 917 419 969; x_wconf 88' lang='lat' dir='ltr'>coram</span> <span class='ocrx_word' id='word_1_43' title='bbox 434 898 585 992; x_wconf 81' lang='lat' dir='ltr'>Ministris</span> <span class='ocrx_word' id='word_1_44' title='bbox 611 897 812 980; x_wconf 82' lang='lat' dir='ltr'>Evangelicis</span> <span class='ocrx_word' id='word_1_45' title='bbox 836 897 991 960; x_wconf 84' lang='lat' dir='ltr'>ineunda</span> <span class='ocrx_word' id='word_1_46' title='bbox 987 897 1080 960; x_wconf 92' lang='lat' dir='ltr'>omni</span> <span class='ocrx_word' id='word_1_47' title='bbox 1105 895 1167 959; x_wconf 91' lang='lat' dir='ltr'>sub</span> <span class='ocrx_word' id='word_1_48' title='bbox 1193 895 1293 963; x_wconf 89' lang='lat' dir='ltr'>obtutu</span> 
     </span>
     <span class='ocr_line' id='line_1_7' title="bbox 176 1003 1293 1099; baseline -0.004 -29"><span class='ocrx_word' id='word_1_49' title='bbox 176 1009 261 1090; x_wconf 91' lang='lat' dir='ltr'>pleni</span> <span class='ocrx_word' id='word_1_50' title='bbox 293 1011 356 1072; x_wconf 90' lang='lat' dir='ltr'>sint</span> <span class='ocrx_word' id='word_1_51' title='bbox 383 1007 498 1071; x_wconf 90' lang='lat' dir='ltr'>valoris</span> <span class='ocrx_word' id='word_1_52' title='bbox 515 1024 552 1072; x_wconf 91' lang='lat' dir='ltr'>ac</span> <span class='ocrx_word' id='word_1_53' title='bbox 577 1006 710 1090; x_wconf 87' lang='lat' dir='ltr'>vigoris.</span> <span class='ocrx_word' id='word_1_54' title='bbox 735 1005 827 1068; x_wconf 87' lang='lat' dir='ltr'>Brevi</span> <span class='ocrx_word' id='word_1_55' title='bbox 842 1005 916 1068; x_wconf 89' lang='lat' dir='ltr'>huic</span> <span class='ocrx_word' id='word_1_56' title='bbox 932 1003 1116 1099; x_wconf 74' lang='lat' dir='ltr'>Pontificio,</span> <span class='ocrx_word' id='word_1_57' title='bbox 1152 1003 1293 1086; x_wconf 90' lang='lat' dir='ltr'>siqnidem</span> 
     </span>
     <span class='ocr_line' id='line_1_8' title="bbox 173 1108 1292 1189; baseline -0.006 -11"><span class='ocrx_word' id='word_1_58' title='bbox 173 1115 335 1180; x_wconf 82' lang='lat' dir='ltr'>duntaxat</span> <span class='ocrx_word' id='word_1_59' title='bbox 343 1108 488 1178; x_wconf 83' lang='lat' dir='ltr'>statutum</span> <span class='ocrx_word' id='word_1_60' title='bbox 506 1133 603 1179; x_wconf 91' lang='lat' dir='ltr'>mere</span> <span class='ocrx_word' id='word_1_61' title='bbox 607 1114 867 1189; x_wconf 88' lang='lat' dir='ltr'>ecclesiasticum,</span> <span class='ocrx_word' id='word_1_62' title='bbox 886 1119 916 1174; x_wconf 88' lang='lat' dir='ltr'>et</span> <span class='ocrx_word' id='word_1_63' title='bbox 926 1130 991 1176; x_wconf 90' lang='lat' dir='ltr'>rem</span> <span class='ocrx_word' id='word_1_64' title='bbox 1008 1113 1101 1176; x_wconf 88' lang='lat' dir='ltr'>unice</span> <span class='ocrx_word' id='word_1_65' title='bbox 1113 1110 1154 1175; x_wconf 89' lang='lat' dir='ltr'>ad</span> <span class='ocrx_word' id='word_1_66' title='bbox 1166 1110 1292 1176; x_wconf 85' lang='lat' dir='ltr'>salntem</span> 
     </span>
     <span class='ocr_line' id='line_1_9' title="bbox 99 1218 1291 1304; baseline -0.008 -14"><span class='ocrx_word' id='word_1_67' title='bbox 99 1286 102 1290; x_wconf 87' lang='lat'>.</span> <span class='ocrx_word' id='word_1_68' title='bbox 173 1226 293 1287; x_wconf 90' lang='lat' dir='ltr'>animae</span> <span class='ocrx_word' id='word_1_69' title='bbox 309 1223 537 1304; x_wconf 87' lang='lat' dir='ltr'>pertinentem,</span> <span class='ocrx_word' id='word_1_70' title='bbox 560 1219 684 1303; x_wconf 91' lang='lat' dir='ltr'>quippe</span> <span class='ocrx_word' id='word_1_71' title='bbox 696 1219 927 1284; x_wconf 74' lang='lat' dir='ltr'>benedictionis</span> <span class='ocrx_word' id='word_1_72' title='bbox 953 1225 984 1280; x_wconf 91' lang='lat' dir='ltr'>ct</span> <span class='ocrx_word' id='word_1_73' title='bbox 1001 1218 1119 1283; x_wconf 87' lang='lat' dir='ltr'>rituum</span> <span class='ocrx_word' id='word_1_74' title='bbox 1136 1235 1291 1301; x_wconf 83' lang='lat' dir='ltr'>sacrorum</span> 
     </span>
    </p>

    <p class='ocr_par' dir='ltr' id='par_1_5' title="bbox 86 1316 1295 1633">
     <span class='ocr_line' id='line_1_10' title="bbox 126 1316 1291 1412; baseline -0.003 -20"><span class='ocrx_word' id='word_1_75' title='bbox 126 1326 130 1331; x_wconf 81' lang='grc'><strong>’</strong></span> <span class='ocrx_word' id='word_1_76' title='bbox 173 1329 436 1412; x_wconf 80' lang='lat' dir='ltr'>dispensationem</span> <span class='ocrx_word' id='word_1_77' title='bbox 462 1316 519 1410; x_wconf 85' lang='lat' dir='ltr'>pro</span> <span class='ocrx_word' id='word_1_78' title='bbox 545 1328 670 1393; x_wconf 87' lang='lat' dir='ltr'>obiecto</span> <span class='ocrx_word' id='word_1_79' title='bbox 695 1318 845 1405; x_wconf 86' lang='lat' dir='ltr'>baberet,</span> <span class='ocrx_word' id='word_1_80' title='bbox 872 1324 1060 1410; x_wconf 84' lang='lat' dir='ltr'>legibusque</span> <span class='ocrx_word' id='word_1_81' title='bbox 1086 1324 1194 1408; x_wconf 80' lang='lat' dir='ltr'>Regni</span> <span class='ocrx_word' id='word_1_82' title='bbox 1218 1324 1291 1389; x_wconf 87' lang='lat' dir='ltr'>band</span> 
     </span>
     <span class='ocr_line' id='line_1_11' title="bbox 86 1424 1290 1520; baseline -0.004 -18"><span class='ocrx_word' id='word_1_83' title='bbox 86 1435 94 1482; x_wconf 76' lang='grc'>-’</span> <span class='ocrx_word' id='word_1_84' title='bbox 173 1445 389 1520; x_wconf 84' lang='lat' dir='ltr'>repugnaret:</span> <span class='ocrx_word' id='word_1_85' title='bbox 408 1436 716 1518; x_wconf 81' lang='lat' dir='ltr'>Plancium-Regium</span> <span class='ocrx_word' id='word_1_86' title='bbox 730 1424 822 1499; x_wconf 84' lang='lat' dir='ltr'>solita</span> <span class='ocrx_word' id='word_1_87' title='bbox 839 1453 909 1517; x_wconf 87' lang='lat' dir='ltr'>cum</span> <span class='ocrx_word' id='word_1_88' title='bbox 926 1434 1077 1510; x_wconf 89' lang='lat' dir='ltr'>clausula,</span> <span class='ocrx_word' id='word_1_89' title='bbox 1106 1440 1139 1497; x_wconf 90' lang='lat' dir='ltr'>et</span> <span class='ocrx_word' id='word_1_90' title='bbox 1155 1451 1192 1494; x_wconf 90' lang='lat' dir='ltr'>ea</span> <span class='ocrx_word' id='word_1_91' title='bbox 1208 1434 1290 1516; x_wconf 91' lang='lat' dir='ltr'>posi-</span> 
     </span>
     <span class='ocr_line' id='line_1_12' title="bbox 173 1524 1295 1633; baseline -0.005 -25"><span class='ocrx_word' id='word_1_92' title='bbox 173 1548 236 1609; x_wconf 86' lang='lat' dir='ltr'>tiva</span> <span class='ocrx_word' id='word_1_93' title='bbox 255 1545 336 1611; x_wconf 88' lang='lat' dir='ltr'>Suae</span> <span class='ocrx_word' id='word_1_94' title='bbox 363 1544 538 1624; x_wconf 80' lang='lat' dir='ltr'>Maiestatis</span> <span class='ocrx_word' id='word_1_95' title='bbox 554 1524 757 1607; x_wconf 85' lang='lat' dir='ltr'>liesolntione</span> <span class='ocrx_word' id='word_1_96' title='bbox 783 1541 1015 1626; x_wconf 91' lang='lat' dir='ltr'>superadditum</span> <span class='ocrx_word' id='word_1_97' title='bbox 1033 1542 1091 1607; x_wconf 84' lang='lat' dir='ltr'>init</span> <span class='ocrx_word' id='word_1_98' title='bbox 1105 1559 1124 1625; x_wconf 31' lang='lat'>:-</span> <span class='ocrx_word' id='word_1_99' title='bbox 1138 1548 1202 1633; x_wconf 88' lang='lat' dir='ltr'>ut,</span> <span class='ocrx_word' id='word_1_100' title='bbox 1218 1539 1295 1605; x_wconf 86' lang='lat' dir='ltr'>dnm</span> 
     </span>
    </p>
   </div>
   <div class='ocr_carea' id='block_1_5' title="bbox 56 1650 1295 1724">
    <p class='ocr_par' dir='ltr' id='par_1_6' title="bbox 56 1650 1295 1724">
     <span class='ocr_line' id='line_1_13' title="bbox 56 1650 1295 1724; baseline -0.007 -5"><span class='ocrx_word' id='word_1_101' title='bbox 56 1712 65 1719; x_wconf 92' lang='lat'><em>.</em></span> <span class='ocrx_word' id='word_1_102' title='bbox 172 1661 301 1717; x_wconf 86' lang='lat' dir='ltr'>tenores</span> <span class='ocrx_word' id='word_1_103' title='bbox 319 1655 387 1716; x_wconf 92' lang='lat' dir='ltr'>eius</span> <span class='ocrx_word' id='word_1_104' title='bbox 404 1653 495 1716; x_wconf 80' lang='lat' dir='ltr'>clerc</span> <span class='ocrx_word' id='word_1_105' title='bbox 512 1652 626 1715; x_wconf 85' lang='lat' dir='ltr'>Curato</span> <span class='ocrx_word' id='word_1_106' title='bbox 644 1650 937 1724; x_wconf 75' lang='lat' dir='ltr'>emundabuntur,</span> <span class='ocrx_word' id='word_1_107' title='bbox 963 1650 1057 1715; x_wconf 91' lang='lat' dir='ltr'>simul</span> <span class='ocrx_word' id='word_1_108' title='bbox 1075 1650 1295 1722; x_wconf 84' lang='lat' dir='ltr'>constituatur,</span> 
     </span>
    </p>
   </div>
   <div class='ocr_carea' id='block_1_6' title="bbox 123 1740 1295 2070">
    <p class='ocr_par' dir='ltr' id='par_1_7' title="bbox 123 1740 1295 2059">
     <span class='ocr_line' id='line_1_14' title="bbox 123 1740 1295 1845; baseline -0.003 -21"><span class='ocrx_word' id='word_1_109' title='bbox 123 1742 127 1753; x_wconf 69' lang='grc'><strong>’</strong></span> <span class='ocrx_word' id='word_1_110' title='bbox 149 1740 152 1749; x_wconf 56' lang='grc'><strong>’</strong></span> <span class='ocrx_word' id='word_1_111' title='bbox 172 1777 233 1842; x_wconf 89' lang='lat' dir='ltr'>quc</span> <span class='ocrx_word' id='word_1_112' title='bbox 250 1764 419 1845; x_wconf 84' lang='lat' dir='ltr'>occasione</span> <span class='ocrx_word' id='word_1_113' title='bbox 435 1761 654 1824; x_wconf 83' lang='lat' dir='ltr'>celebrationis</span> <span class='ocrx_word' id='word_1_114' title='bbox 673 1763 838 1835; x_wconf 86' lang='lat' dir='ltr'>mixtorum</span> <span class='ocrx_word' id='word_1_115' title='bbox 854 1766 942 1827; x_wconf 88' lang='lat' dir='ltr'>matr.</span> <span class='ocrx_word' id='word_1_116' title='bbox 959 1774 1053 1823; x_wconf 91' lang='lat' dir='ltr'>omne</span> <span class='ocrx_word' id='word_1_117' title='bbox 1070 1754 1220 1842; x_wconf 62' lang='lat' dir='ltr'>idjqucd</span> <span class='ocrx_word' id='word_1_118' title='bbox 1234 1776 1295 1822; x_wconf 91' lang='lat' dir='ltr'>cnm</span> 
     </span>
     <span class='ocr_line' id='line_1_15' title="bbox 174 1862 1294 1953; baseline -0.004 -20"><span class='ocrx_word' id='word_1_119' title='bbox 174 1869 315 1934; x_wconf 88' lang='lat' dir='ltr'>decentia</span> <span class='ocrx_word' id='word_1_120' title='bbox 334 1870 383 1934; x_wconf 88' lang='lat' dir='ltr'>vel</span> <span class='ocrx_word' id='word_1_121' title='bbox 400 1888 416 1933; x_wconf 91' lang='lat' dir='ltr'>a</span> <span class='ocrx_word' id='word_1_122' title='bbox 434 1869 527 1953; x_wconf 87' lang='lat' dir='ltr'>longe</span> <span class='ocrx_word' id='word_1_123' title='bbox 537 1876 707 1952; x_wconf 83' lang='lat' dir='ltr'>pugnaret,</span> <span class='ocrx_word' id='word_1_124' title='bbox 724 1867 859 1938; x_wconf 80' lang='lat' dir='ltr'>sollicite</span> <span class='ocrx_word' id='word_1_125' title='bbox 871 1862 1041 1931; x_wconf 75' lang='lat' dir='ltr'>devitatum.</span> <span class='ocrx_word' id='word_1_126' title='bbox 1052 1864 1294 1941; x_wconf 45' lang='lat' dir='ltr'>&amp;iterassem</span> 
     </span>
     <span class='ocr_line' id='line_1_16' title="bbox 172 1973 1291 2070; baseline 0 -32"><span class='ocrx_word' id='word_1_127' title='bbox 172 1976 269 2059; x_wconf 90' lang='lat' dir='ltr'>igitur</span> <span class='ocrx_word' id='word_1_128' title='bbox 286 1980 388 2041; x_wconf 86' lang='lat' dir='ltr'>evasit</span> <span class='ocrx_word' id='word_1_129' title='bbox 404 1976 535 2042; x_wconf 86' lang='lat' dir='ltr'>secundi</span> <span class='ocrx_word' id='word_1_130' title='bbox 552 1975 672 2042; x_wconf 85' lang='lat' dir='ltr'>ordinis</span> <span class='ocrx_word' id='word_1_131' title='bbox 688 1976 870 2070; x_wconf 72' lang='lat' dir='ltr'>Encyclica</span> <span class='ocrx_word' id='word_1_132' title='bbox 886 1981 1014 2045; x_wconf 72' lang='lat' dir='ltr'>tencms</span> <span class='ocrx_word' id='word_1_133' title='bbox 1031 1973 1165 2047; x_wconf 84' lang='lat' dir='ltr'>Brevis,</span> <span class='ocrx_word' id='word_1_134' title='bbox 1184 1993 1224 2037; x_wconf 90' lang='lat' dir='ltr'>ac</span> <span class='ocrx_word' id='word_1_135' title='bbox 1240 1992 1291 2038; x_wconf 89' lang='lat' dir='ltr'>una</span> 
     </span>
    </p>
   </div>
   <div class='ocr_carea' id='block_1_7' title="bbox 2 2075 1334 2173">
    <p class='ocr_par' dir='ltr' id='par_1_8' title="bbox 2 2075 1334 2173">
     <span class='ocr_line' id='line_1_17' title="bbox 2 2075 1334 2173; baseline -0.001 -26"><span class='ocrx_word' id='word_1_136' title='bbox 2 2075 24 2147; x_wconf 84' lang='lat'>&#39;.</span> <span class='ocrx_word' id='word_1_137' title='bbox 69 2121 88 2149; x_wconf 76' lang='lat'>,·</span> <span class='ocrx_word' id='word_1_138' title='bbox 174 2085 412 2172; x_wconf 77' lang='lat' dir='ltr'>instructionem</span> <span class='ocrx_word' id='word_1_139' title='bbox 429 2084 561 2166; x_wconf 78' lang='lat' dir='ltr'>Regiam</span> <span class='ocrx_word' id='word_1_140' title='bbox 578 2103 648 2146; x_wconf 91' lang='lat' dir='ltr'>cum</span> <span class='ocrx_word' id='word_1_141' title='bbox 674 2080 767 2148; x_wconf 81' lang='lat' dir='ltr'>Claro</span> <span class='ocrx_word' id='word_1_142' title='bbox 784 2099 1027 2151; x_wconf 79' lang='lat' dir='ltr'>communicans</span> <span class='ocrx_word' id='word_1_143' title='bbox 1054 2081 1147 2147; x_wconf 87' lang='lat' dir='ltr'>Hane</span> <span class='ocrx_word' id='word_1_144' title='bbox 1167 2101 1230 2169; x_wconf 84' lang='lat' dir='ltr'>ego</span> <span class='ocrx_word' id='word_1_145' title='bbox 1250 2081 1293 2146; x_wconf 88' lang='grc'>18.</span> <span class='ocrx_word' id='word_1_146' title='bbox 1331 2166 1334 2173; x_wconf 26' lang='lat'>¹</span> 
     </span>
    </p>
   </div>
   <div class='ocr_carea' id='block_1_8' title="bbox 173 2167 1296 2272">
    <p class='ocr_par' dir='ltr' id='par_1_9' title="bbox 173 2167 1296 2272">
     <span class='ocr_line' id='line_1_18' title="bbox 173 2167 1296 2272; baseline 0 -20"><span class='ocrx_word' id='word_1_147' title='bbox 173 2189 252 2255; x_wconf 89' lang='lat' dir='ltr'>ch</span> <span class='ocrx_word' id='word_1_148' title='bbox 274 2167 368 2253; x_wconf 86' lang='grc'>1841</span> <span class='ocrx_word' id='word_1_149' title='bbox 386 2191 480 2268; x_wconf 80' lang='lat' dir='ltr'>edidi,</span> <span class='ocrx_word' id='word_1_150' title='bbox 498 2190 549 2255; x_wconf 90' lang='lat' dir='ltr'>aln</span> <span class='ocrx_word' id='word_1_151' title='bbox 567 2190 712 2272; x_wconf 81' lang='lat' dir='ltr'>Episcopi</span> <span class='ocrx_word' id='word_1_152' title='bbox 730 2191 821 2271; x_wconf 89' lang='lat' dir='ltr'>paulo</span> <span class='ocrx_word' id='word_1_153' title='bbox 838 2208 940 2254; x_wconf 80' lang='lat' dir='ltr'>sersus</span> <span class='ocrx_word' id='word_1_154' title='bbox 958 2189 1105 2270; x_wconf 79' lang='lat' dir='ltr'>quidem</span> <span class='ocrx_word' id='word_1_155' title='bbox 1141 2196 1173 2253; x_wconf 89' lang='lat' dir='ltr'>at</span> <span class='ocrx_word' id='word_1_156' title='bbox 1207 2189 1296 2254; x_wconf 83' lang='lat' dir='ltr'>forma</span> 
     </span>
    </p>
   </div>
   <div class='ocr_carea' id='block_1_9' title="bbox 40 2295 791 2395">
    <p class='ocr_par' dir='ltr' id='par_1_10' title="bbox 40 2295 791 2395">
     <span class='ocr_line' id='line_1_19' title="bbox 40 2295 791 2395; baseline 0.004 -39"><span class='ocrx_word' id='word_1_157' title='bbox 40 2382 48 2391; x_wconf 20' lang='lat' dir='ltr'>x</span> <span class='ocrx_word' id='word_1_158' title='bbox 76 2334 110 2393; x_wconf 85' lang='lat'>&#39;.&#39;</span> <span class='ocrx_word' id='word_1_159' title='bbox 126 2336 131 2347; x_wconf 53' lang='grc' dir='ltr'>ι</span> <span class='ocrx_word' id='word_1_160' title='bbox 146 2386 151 2395; x_wconf 29' lang='grc'>1</span> <span class='ocrx_word' id='word_1_161' title='bbox 167 2296 218 2360; x_wconf 87' lang='lat' dir='ltr'>illi</span> <span class='ocrx_word' id='word_1_162' title='bbox 236 2302 324 2361; x_wconf 83' lang='lat' dir='ltr'>meae</span> <span class='ocrx_word' id='word_1_163' title='bbox 341 2315 473 2380; x_wconf 88' lang='lat' dir='ltr'>prorsus</span> <span class='ocrx_word' id='word_1_164' title='bbox 490 2296 580 2360; x_wconf 91' lang='lat' dir='ltr'>simili</span> <span class='ocrx_word' id='word_1_165' title='bbox 598 2304 628 2359; x_wconf 86' lang='lat' dir='ltr'>et</span> <span class='ocrx_word' id='word_1_166' title='bbox 645 2295 791 2379; x_wconf 86' lang='lat' dir='ltr'>analoga.</span> 
     </span>
    </p>
   </div>
   <div class='ocr_carea' id='block_1_10' title="bbox 263 2402 1293 2487">
    <p class='ocr_par' dir='ltr' id='par_1_11' title="bbox 263 2402 1293 2487">
     <span class='ocr_line' id='line_1_20' title="bbox 263 2402 1293 2487; baseline 0.001 -21"><span class='ocrx_word' id='word_1_167' title='bbox 263 2402 430 2485; x_wconf 70' lang='lat' dir='ltr'>Encyclic&#39;a</span> <span class='ocrx_word' id='word_1_168' title='bbox 447 2404 536 2483; x_wconf 88' lang='lat' dir='ltr'>haee,</span> <span class='ocrx_word' id='word_1_169' title='bbox 553 2402 649 2467; x_wconf 91' lang='lat' dir='ltr'>latina</span> <span class='ocrx_word' id='word_1_170' title='bbox 667 2403 773 2486; x_wconf 88' lang='lat' dir='ltr'>lingua</span> <span class='ocrx_word' id='word_1_171' title='bbox 791 2410 955 2487; x_wconf 88' lang='lat' dir='ltr'>concepta,</span> <span class='ocrx_word' id='word_1_172' title='bbox 973 2405 1099 2468; x_wconf 92' lang='lat' dir='ltr'>nonnisi</span> <span class='ocrx_word' id='word_1_173' title='bbox 1118 2404 1158 2468; x_wconf 91' lang='lat' dir='ltr'>ad</span> <span class='ocrx_word' id='word_1_174' title='bbox 1176 2406 1293 2470; x_wconf 87' lang='lat' dir='ltr'>anima·</span> 
     </span>
    </p>
   </div>
   <div class='ocr_carea' id='block_1_11' title="bbox 58 2511 1295 2930">
    <p class='ocr_par' dir='ltr' id='par_1_12' title="bbox 58 2491 1295 2595">
     <span class='ocr_line' id='line_1_21' title="bbox 58 2511 1295 2595; baseline 0.002 -21"><span class='ocrx_word' id='word_1_175' title='bbox 58 2518 63 2525; x_wconf 83' lang='grc'><em>’</em></span> <span class='ocrx_word' id='word_1_176' title='bbox 175 2530 241 2574; x_wconf 90' lang='lat' dir='ltr'>rum</span> <span class='ocrx_word' id='word_1_177' title='bbox 260 2516 405 2593; x_wconf 84' lang='lat' dir='ltr'>pastores</span> <span class='ocrx_word' id='word_1_178' title='bbox 422 2511 638 2595; x_wconf 80' lang='lat' dir='ltr'>dirigebatur</span> <span class='ocrx_word' id='word_1_179' title='bbox 665 2519 696 2575; x_wconf 89' lang='lat' dir='ltr'>et</span> <span class='ocrx_word' id='word_1_180' title='bbox 712 2511 821 2577; x_wconf 78' lang='lat' dir='ltr'>Brevis</span> <span class='ocrx_word' id='word_1_181' title='bbox 848 2512 1005 2576; x_wconf 81' lang='lat' dir='ltr'>Pontificn</span> <span class='ocrx_word' id='word_1_182' title='bbox 1018 2517 1228 2578; x_wconf 75' lang='lat' dir='ltr'>extractum</span> <span class='ocrx_word' id='word_1_183' title='bbox 1221 2535 1251 2578; x_wconf 91' lang='grc' dir='ltr'>ιιι</span> <span class='ocrx_word' id='word_1_184' title='bbox 1266 2532 1295 2577; x_wconf 86' lang='lat' dir='ltr'>se</span> 
     </span>
    </p>

    <p class='ocr_par' dir='ltr' id='par_1_13' title="bbox 65 2619 1295 2930">
     <span class='ocr_line' id='line_1_22' title="bbox 90 2619 1295 2705; baseline 0.001 -23"><span class='ocrx_word' id='word_1_185' title='bbox 90 2624 94 2631; x_wconf 93' lang='lat'>&#39;</span> <span class='ocrx_word' id='word_1_186' title='bbox 151 2698 154 2703; x_wconf 25' lang='grc' dir='ltr'>Ι</span> <span class='ocrx_word' id='word_1_187' title='bbox 174 2623 362 2684; x_wconf 87' lang='lat' dir='ltr'>continebat.</span> <span class='ocrx_word' id='word_1_188' title='bbox 388 2619 596 2684; x_wconf 86' lang='lat' dir='ltr'>llemorernne</span> <span class='ocrx_word' id='word_1_189' title='bbox 614 2621 766 2700; x_wconf 83' lang='lat' dir='ltr'>duplicem</span> <span class='ocrx_word' id='word_1_190' title='bbox 785 2621 866 2684; x_wconf 90' lang='lat' dir='ltr'>illam</span> <span class='ocrx_word' id='word_1_191' title='bbox 880 2623 1127 2696; x_wconf 86' lang='lat' dir='ltr'>accusationem,</span> <span class='ocrx_word' id='word_1_192' title='bbox 1145 2642 1229 2705; x_wconf 89' lang='lat' dir='ltr'>quae</span> <span class='ocrx_word' id='word_1_193' title='bbox 1246 2619 1295 2684; x_wconf 90' lang='lat' dir='ltr'>ad·</span> 
     </span>
     <span class='ocr_line' id='line_1_23' title="bbox 65 2724 1295 2810; baseline 0.002 -19"><span class='ocrx_word' id='word_1_194' title='bbox 65 2764 69 2772; x_wconf 90' lang='lat'>·</span> <span class='ocrx_word' id='word_1_195' title='bbox 172 2724 286 2793; x_wconf 85' lang='lat' dir='ltr'>¹versus</span> <span class='ocrx_word' id='word_1_196' title='bbox 303 2731 383 2792; x_wconf 89' lang='lat' dir='ltr'>hanc</span> <span class='ocrx_word' id='word_1_197' title='bbox 400 2729 598 2810; x_wconf 81' lang='lat' dir='ltr'>Encyelicam</span> <span class='ocrx_word' id='word_1_198' title='bbox 617 2736 757 2792; x_wconf 88' lang='lat' dir='ltr'>nostram</span> <span class='ocrx_word' id='word_1_199' title='bbox 774 2730 954 2792; x_wconf 80' lang='lat' dir='ltr'>formatur?</span> <span class='ocrx_word' id='word_1_200' title='bbox 978 2731 1044 2794; x_wconf 88' lang='lat' dir='ltr'>Una</span> <span class='ocrx_word' id='word_1_201' title='bbox 1070 2731 1188 2795; x_wconf 89' lang='lat' dir='ltr'>barum</span> <span class='ocrx_word' id='word_1_202' title='bbox 1206 2751 1295 2794; x_wconf 89' lang='lat' dir='ltr'>accu-</span> 
     </span>
     <span class='ocr_line' id='line_1_24' title="bbox 175 2835 1293 2930; baseline 0.004 -31"><span class='ocrx_word' id='word_1_203' title='bbox 175 2837 326 2899; x_wconf 89' lang='lat' dir='ltr'>sationum</span> <span class='ocrx_word' id='word_1_204' title='bbox 343 2837 374 2899; x_wconf 94' lang='lat' dir='ltr'>id</span> <span class='ocrx_word' id='word_1_205' title='bbox 394 2841 498 2899; x_wconf 89' lang='lat' dir='ltr'>tenet:</span> <span class='ocrx_word' id='word_1_206' title='bbox 521 2837 555 2930; x_wconf 84' lang='lat' dir='ltr'>in</span> <span class='ocrx_word' id='word_1_207' title='bbox 573 2835 742 2916; x_wconf 78' lang='lat' dir='ltr'>Errcyclica</span> <span class='ocrx_word' id='word_1_208' title='bbox 761 2835 886 2899; x_wconf 90' lang='lat' dir='ltr'>diserte.</span> <span class='ocrx_word' id='word_1_209' title='bbox 902 2838 1082 2920; x_wconf 85' lang='lat' dir='ltr'>significari,</span> <span class='ocrx_word' id='word_1_210' title='bbox 1105 2840 1293 2906; x_wconf 88' lang='lat' dir='ltr'>matrimoni·</span> 
     </span>
    </p>
   </div>
   <div class='ocr_carea' id='block_1_12' title="bbox 181 2981 257 2994">
    <p class='ocr_par' dir='ltr' id='par_1_14' title="bbox 181 2981 257 2994">
     <span class='ocr_line' id='line_1_25' title="bbox 181 2981 257 2994; baseline -0.013 0"><span class='ocrx_word' id='word_1_211' title='bbox 181 2981 257 2994; x_wconf 48' lang='lat' dir='ltr'>m</span> 
     </span>
    </p>
   </div>
   <div class='ocr_carea' id='block_1_13' title="bbox 154 3021 1294 3208">
    <p class='ocr_par' dir='ltr' id='par_1_15' title="bbox 154 3021 1294 3208">
     <span class='ocr_line' id='line_1_26' title="bbox 245 3021 1294 3118; baseline 0.006 -21"><span class='ocrx_word' id='word_1_212' title='bbox 245 3021 421 3111; x_wconf 68' lang='lat' dir='ltr'>*jltesolntio</span> <span class='ocrx_word' id='word_1_213' title='bbox 437 3047 466 3098; x_wconf 93' lang='grc'>11.</span> <span class='ocrx_word' id='word_1_214' title='bbox 477 3047 508 3099; x_wconf 91' lang='lat' dir='ltr'>ad</span> <span class='ocrx_word' id='word_1_215' title='bbox 524 3048 661 3103; x_wconf 85' lang='lat' dir='ltr'>Primatem</span> <span class='ocrx_word' id='word_1_216' title='bbox 675 3049 792 3114; x_wconf 85' lang='lat' dir='ltr'>dimissa,</span> <span class='ocrx_word' id='word_1_217' title='bbox 806 3049 939 3117; x_wconf 83' lang='lat' dir='ltr'>sequentis</span> <span class='ocrx_word' id='word_1_218' title='bbox 952 3058 1010 3102; x_wconf 86' lang='lat' dir='ltr'>erat</span> <span class='ocrx_word' id='word_1_219' title='bbox 1032 3053 1155 3104; x_wconf 83' lang='lat' dir='ltr'>tenoris:</span> <span class='ocrx_word' id='word_1_220' title='bbox 1179 3052 1294 3118; x_wconf 78' lang='lat' dir='ltr'>„Celsia-</span> 
     </span>
     <span class='ocr_line' id='line_1_27' title="bbox 154 3131 1293 3208; baseline 0.005 -22"><span class='ocrx_word' id='word_1_221' title='bbox 154 3131 237 3186; x_wconf 82' lang='lat' dir='ltr'>.sinue</span> <span class='ocrx_word' id='word_1_222' title='bbox 248 3143 300 3187; x_wconf 85' lang='lat' dir='ltr'>etc.</span> <span class='ocrx_word' id='word_1_223' title='bbox 322 3136 476 3202; x_wconf 70' lang='lat' dir='ltr'>apostolico</span> <span class='ocrx_word' id='word_1_224' title='bbox 490 3137 558 3188; x_wconf 86' lang='lat' dir='ltr'>Suae</span> <span class='ocrx_word' id='word_1_225' title='bbox 573 3138 724 3191; x_wconf 75' lang='lat' dir='ltr'>sanctitatis</span> <span class='ocrx_word' id='word_1_226' title='bbox 739 3137 839 3190; x_wconf 85' lang='lat' dir='ltr'>Summi</span> <span class='ocrx_word' id='word_1_227' title='bbox 851 3137 986 3195; x_wconf 86' lang='lat' dir='ltr'>Pontificis</span> <span class='ocrx_word' id='word_1_228' title='bbox 997 3139 1089 3204; x_wconf 79' lang='lat' dir='ltr'>brevi,</span> <span class='ocrx_word' id='word_1_229' title='bbox 1114 3157 1182 3208; x_wconf 83' lang='lat' dir='ltr'>erga</span> <span class='ocrx_word' id='word_1_230' title='bbox 1198 3141 1293 3194; x_wconf 83' lang='lat' dir='ltr'>Recur-</span> 
     </span>
    </p>
   </div>
   <div class='ocr_carea' id='block_1_14' title="bbox 88 3226 1294 3300">
    <p class='ocr_par' dir='ltr' id='par_1_16' title="bbox 88 3226 1294 3300">
     <span class='ocr_line' id='line_1_28' title="bbox 88 3226 1294 3300; baseline 0.004 -25"><span class='ocrx_word' id='word_1_231' title='bbox 88 3238 104 3299; x_wconf 56' lang='lat'>¹„</span> <span class='ocrx_word' id='word_1_232' title='bbox 173 3237 229 3275; x_wconf 89' lang='lat' dir='ltr'>sum</span> <span class='ocrx_word' id='word_1_233' title='bbox 243 3229 373 3276; x_wconf 91' lang='lat' dir='ltr'>communi</span> <span class='ocrx_word' id='word_1_234' title='bbox 388 3226 540 3298; x_wconf 20' lang='lat' dir='ltr'>Ant-istitum</span> <span class='ocrx_word' id='word_1_235' title='bbox 553 3229 638 3295; x_wconf 82' lang='lat' dir='ltr'>Regni</span> <span class='ocrx_word' id='word_1_236' title='bbox 649 3229 723 3300; x_wconf 75' lang='lat' dir='ltr'>buius</span> <span class='ocrx_word' id='word_1_237' title='bbox 738 3232 839 3281; x_wconf 88' lang='lat' dir='ltr'>nomine</span> <span class='ocrx_word' id='word_1_238' title='bbox 853 3231 884 3280; x_wconf 88' lang='lat' dir='ltr'>nd</span> <span class='ocrx_word' id='word_1_239' title='bbox 894 3230 973 3289; x_wconf 79' lang='lat' dir='ltr'>Suara</span> <span class='ocrx_word' id='word_1_240' title='bbox 984 3229 1158 3282; x_wconf 84' lang='lat' dir='ltr'>Sanctitatem</span> <span class='ocrx_word' id='word_1_241' title='bbox 1174 3232 1294 3298; x_wconf 84' lang='lat' dir='ltr'>perlatum</span> 
     </span>
    </p>
   </div>
   <div class='ocr_carea' id='block_1_15' title="bbox 88 3313 1296 3473">
    <p class='ocr_par' dir='ltr' id='par_1_17' title="bbox 88 3313 1296 3473">
     <span class='ocr_line' id='line_1_29' title="bbox 174 3313 1295 3395; baseline 0.007 -33"><span class='ocrx_word' id='word_1_242' title='bbox 174 3315 200 3395; x_wconf 81' lang='lat' dir='ltr'>in</span> <span class='ocrx_word' id='word_1_243' title='bbox 220 3313 475 3367; x_wconf 85' lang='lat' dir='ltr'>obiectomixtnrum</span> <span class='ocrx_word' id='word_1_244' title='bbox 489 3319 716 3369; x_wconf 87' lang='lat' dir='ltr'>matrimoniorum</span> <span class='ocrx_word' id='word_1_245' title='bbox 734 3317 865 3386; x_wconf 74' lang='lat' dir='ltr'>elargire,</span> <span class='ocrx_word' id='word_1_246' title='bbox 893 3335 939 3386; x_wconf 90' lang='lat' dir='ltr'>per</span> <span class='ocrx_word' id='word_1_247' title='bbox 963 3319 1158 3372; x_wconf 85' lang='lat' dir='ltr'>Celsitudinem</span> <span class='ocrx_word' id='word_1_248' title='bbox 1185 3323 1295 3373; x_wconf 85' lang='lat' dir='ltr'>Vestram</span> 
     </span>
     <span class='ocr_line' id='line_1_30' title="bbox 88 3403 1296 3473; baseline 0.004 -20"><span class='ocrx_word' id='word_1_249' title='bbox 88 3420 93 3427; x_wconf 93' lang='lat'>·</span> <span class='ocrx_word' id='word_1_250' title='bbox 141 3404 144 3409; x_wconf 85' lang='grc'><strong>“</strong></span> <span class='ocrx_word' id='word_1_251' title='bbox 175 3403 225 3454; x_wconf 87' lang='lat' dir='ltr'>line</span> <span class='ocrx_word' id='word_1_252' title='bbox 239 3403 457 3470; x_wconf 87' lang='lat' dir='ltr'>superinducendi</span> <span class='ocrx_word' id='word_1_253' title='bbox 478 3405 575 3459; x_wconf 86' lang='lat' dir='ltr'>Placeti</span> <span class='ocrx_word' id='word_1_254' title='bbox 595 3406 673 3473; x_wconf 85' lang='lat' dir='ltr'>Regii</span> <span class='ocrx_word' id='word_1_255' title='bbox 693 3407 827 3473; x_wconf 75' lang='lat' dir='ltr'>ditissimo</span> <span class='ocrx_word' id='word_1_256' title='bbox 851 3407 956 3459; x_wconf 90' lang='lat' dir='ltr'>obtutui</span> <span class='ocrx_word' id='word_1_257' title='bbox 974 3407 1092 3459; x_wconf 85' lang='lat' dir='ltr'>exhibito</span> <span class='ocrx_word' id='word_1_258' title='bbox 1113 3408 1166 3461; x_wconf 85' lang='lat' dir='ltr'>Sua</span> <span class='ocrx_word' id='word_1_259' title='bbox 1180 3412 1296 3462; x_wconf 85' lang='lat' dir='ltr'>Maiestas</span> 
     </span>
    </p>
   </div>
   <div class='ocr_carea' id='block_1_16' title="bbox 68 3491 1324 3653">
    <p class='ocr_par' dir='ltr' id='par_1_18' title="bbox 68 3491 1324 3653">
     <span class='ocr_line' id='line_1_31' title="bbox 81 3491 1294 3566; baseline 0.002 -21"><span class='ocrx_word' id='word_1_260' title='bbox 81 3538 85 3545; x_wconf 93' lang='lat'>.</span> <span class='ocrx_word' id='word_1_261' title='bbox 174 3491 251 3544; x_wconf 86' lang='lat' dir='ltr'>SStna</span> <span class='ocrx_word' id='word_1_262' title='bbox 265 3509 322 3543; x_wconf 90' lang='lat' dir='ltr'>cum</span> <span class='ocrx_word' id='word_1_263' title='bbox 337 3497 468 3549; x_wconf 80' lang='lat' dir='ltr'>consuetis</span> <span class='ocrx_word' id='word_1_264' title='bbox 492 3495 621 3563; x_wconf 78' lang='lat' dir='ltr'>legalibus</span> <span class='ocrx_word' id='word_1_265' title='bbox 643 3497 753 3548; x_wconf 85' lang='lat' dir='ltr'>cautelis</span> <span class='ocrx_word' id='word_1_266' title='bbox 774 3495 917 3564; x_wconf 88' lang='lat' dir='ltr'>benignum</span> <span class='ocrx_word' id='word_1_267' title='bbox 942 3513 1018 3550; x_wconf 86' lang='lat' dir='ltr'>suum</span> <span class='ocrx_word' id='word_1_268' title='bbox 1032 3497 1175 3550; x_wconf 88' lang='lat' dir='ltr'>Placetnm</span> <span class='ocrx_word' id='word_1_269' title='bbox 1191 3499 1294 3566; x_wconf 83' lang='lat' dir='ltr'>Regium</span> 
     </span>
     <span class='ocr_line' id='line_1_32' title="bbox 68 3580 1324 3653; baseline 0.01 -22"><span class='ocrx_word' id='word_1_270' title='bbox 68 3637 70 3641; x_wconf 16' lang='lat' dir='ltr'>v</span> <span class='ocrx_word' id='word_1_271' title='bbox 98 3646 101 3650; x_wconf 17' lang='grc' dir='ltr'>Ι</span> <span class='ocrx_word' id='word_1_272' title='bbox 173 3580 317 3633; x_wconf 86' lang='lat' dir='ltr'>clementer</span> <span class='ocrx_word' id='word_1_273' title='bbox 331 3583 448 3636; x_wconf 86' lang='lat' dir='ltr'>tribucre</span> <span class='ocrx_word' id='word_1_274' title='bbox 463 3584 570 3652; x_wconf 85' lang='lat' dir='ltr'>dignata</span> <span class='ocrx_word' id='word_1_275' title='bbox 584 3594 634 3648; x_wconf 77' lang='lat' dir='ltr'>est,</span> <span class='ocrx_word' id='word_1_276' title='bbox 655 3590 723 3636; x_wconf 91' lang='lat' dir='ltr'>Dum</span> <span class='ocrx_word' id='word_1_277' title='bbox 738 3588 812 3652; x_wconf 89' lang='lat' dir='ltr'>proin</span> <span class='ocrx_word' id='word_1_278' title='bbox 833 3585 897 3638; x_wconf 90' lang='lat' dir='ltr'>illud</span> <span class='ocrx_word' id='word_1_279' title='bbox 919 3603 969 3639; x_wconf 86' lang='lat' dir='ltr'>una</span> <span class='ocrx_word' id='word_1_280' title='bbox 987 3603 1045 3637; x_wconf 83' lang='lat' dir='ltr'>cnm</span> <span class='ocrx_word' id='word_1_281' title='bbox 1061 3586 1244 3641; x_wconf 85' lang='lat' dir='ltr'>Instructione</span> <span class='ocrx_word' id='word_1_282' title='bbox 1256 3600 1296 3653; x_wconf 73' lang='lat' dir='ltr'>per</span> <span class='ocrx_word' id='word_1_283' title='bbox 1320 3634 1324 3643; x_wconf 92' lang='lat'><em>.</em></span> 
     </span>
    </p>
   </div>
   <div class='ocr_carea' id='block_1_17' title="bbox 174 3671 1295 3919">
    <p class='ocr_par' dir='ltr' id='par_1_19' title="bbox 174 3671 1295 3919">
     <span class='ocr_line' id='line_1_33' title="bbox 175 3671 1295 3732; baseline 0.004 -11"><span class='ocrx_word' id='word_1_284' title='bbox 175 3671 350 3724; x_wconf 88' lang='lat' dir='ltr'>Secretarium</span> <span class='ocrx_word' id='word_1_285' title='bbox 365 3674 452 3726; x_wconf 88' lang='lat' dir='ltr'>Status</span> <span class='ocrx_word' id='word_1_286' title='bbox 466 3674 630 3727; x_wconf 78' lang='lat' dir='ltr'>cardinalem</span> <span class='ocrx_word' id='word_1_287' title='bbox 644 3675 846 3728; x_wconf 88' lang='lat' dir='ltr'>Lambruscbini</span> <span class='ocrx_word' id='word_1_288' title='bbox 870 3676 1007 3729; x_wconf 88' lang='lat' dir='ltr'>elaborata</span> <span class='ocrx_word' id='word_1_289' title='bbox 1021 3676 1182 3732; x_wconf 88' lang='lat' dir='ltr'>Celsitndini</span> <span class='ocrx_word' id='word_1_290' title='bbox 1197 3678 1295 3731; x_wconf 82' lang='lat' dir='ltr'>Vestrae</span> 
     </span>
     <span class='ocr_line' id='line_1_34' title="bbox 174 3759 1291 3835; baseline 0.009 -27"><span class='ocrx_word' id='word_1_291' title='bbox 174 3759 245 3812; x_wconf 84' lang='lat' dir='ltr'>bisce</span> <span class='ocrx_word' id='word_1_292' title='bbox 259 3768 466 3832; x_wconf 83' lang='lat' dir='ltr'>transponerem,</span> <span class='ocrx_word' id='word_1_293' title='bbox 479 3763 597 3816; x_wconf 84' lang='lat' dir='ltr'>Eandem</span> <span class='ocrx_word' id='word_1_294' title='bbox 611 3765 771 3831; x_wconf 84' lang='lat' dir='ltr'>depositiva</span> <span class='ocrx_word' id='word_1_295' title='bbox 787 3764 921 3817; x_wconf 73' lang='lat' dir='ltr'>ditissimo</span> <span class='ocrx_word' id='word_1_296' title='bbox 935 3767 1015 3818; x_wconf 90' lang='lat' dir='ltr'>Jussu</span> <span class='ocrx_word' id='word_1_297' title='bbox 1030 3766 1116 3834; x_wconf 85' lang='lat' dir='ltr'>Regio</span> <span class='ocrx_word' id='word_1_298' title='bbox 1131 3784 1185 3819; x_wconf 90' lang='lat' dir='ltr'>nna</span> <span class='ocrx_word' id='word_1_299' title='bbox 1199 3783 1291 3835; x_wconf 76' lang='lat' dir='ltr'>proro-</span> 
     </span>
     <span class='ocr_line' id='line_1_35' title="bbox 175 3848 1293 3919; baseline 0.005 -21"><span class='ocrx_word' id='word_1_300' title='bbox 175 3848 282 3905; x_wconf 83' lang='lat' dir='ltr'>candam</span> <span class='ocrx_word' id='word_1_301' title='bbox 296 3850 400 3904; x_wconf 85' lang='lat' dir='ltr'>babeo:</span> <span class='ocrx_word' id='word_1_302' title='bbox 423 3863 470 3916; x_wconf 89' lang='lat' dir='ltr'>ut,</span> <span class='ocrx_word' id='word_1_303' title='bbox 497 3870 556 3905; x_wconf 91' lang='lat' dir='ltr'>cnm</span> <span class='ocrx_word' id='word_1_304' title='bbox 577 3854 748 3907; x_wconf 89' lang='lat' dir='ltr'>sollicitudini</span> <span class='ocrx_word' id='word_1_305' title='bbox 762 3855 812 3919; x_wconf 91' lang='lat' dir='ltr'>illi,</span> <span class='ocrx_word' id='word_1_306' title='bbox 834 3871 866 3907; x_wconf 86' lang='lat' dir='ltr'>ne</span> <span class='ocrx_word' id='word_1_307' title='bbox 880 3854 946 3912; x_wconf 85' lang='lat' dir='ltr'>sorte</span> <span class='ocrx_word' id='word_1_308' title='bbox 960 3856 1107 3907; x_wconf 90' lang='lat' dir='ltr'>animarum</span> <span class='ocrx_word' id='word_1_309' title='bbox 1127 3866 1261 3910; x_wconf 80' lang='lat' dir='ltr'>curatores</span> <span class='ocrx_word' id='word_1_310' title='bbox 1272 3857 1293 3907; x_wconf 90' lang='lat' dir='ltr'>in</span> 
     </span>
    </p>
   </div>
   <div class='ocr_carea' id='block_1_18' title="bbox 66 3939 1293 4003">
    <p class='ocr_par' dir='ltr' id='par_1_20' title="bbox 66 3939 1293 4003">
     <span class='ocr_line' id='line_1_36' title="bbox 66 3939 1293 4003; baseline 0.01 -19"><span class='ocrx_word' id='word_1_311' title='bbox 66 3958 70 3965; x_wconf 92' lang='lat'><em>·</em></span> <span class='ocrx_word' id='word_1_312' title='bbox 174 3950 249 3986; x_wconf 88' lang='lat' dir='ltr'>sensu</span> <span class='ocrx_word' id='word_1_313' title='bbox 262 3939 419 4003; x_wconf 83' lang='lat' dir='ltr'>praeallatae</span> <span class='ocrx_word' id='word_1_314' title='bbox 434 3939 611 3994; x_wconf 75' lang='lat' dir='ltr'>ordinationis</span> <span class='ocrx_word' id='word_1_315' title='bbox 624 3943 777 3996; x_wconf 85' lang='lat' dir='ltr'>Pontificiae</span> <span class='ocrx_word' id='word_1_316' title='bbox 796 3944 934 3997; x_wconf 90' lang='lat' dir='ltr'>connubiis</span> <span class='ocrx_word' id='word_1_317' title='bbox 949 3946 1037 3997; x_wconf 84' lang='lat' dir='ltr'>mixtis</span> <span class='ocrx_word' id='word_1_318' title='bbox 1056 3947 1194 4000; x_wconf 86' lang='lat' dir='ltr'>materiali</span> <span class='ocrx_word' id='word_1_319' title='bbox 1207 3947 1293 3998; x_wconf 80' lang='lat' dir='ltr'>dunta-</span> 
     </span>
    </p>
   </div>
   <div class='ocr_carea' id='block_1_19' title="bbox 174 4028 1293 4458">
    <p class='ocr_par' dir='ltr' id='par_1_21' title="bbox 174 4028 1293 4458">
     <span class='ocr_line' id='line_1_37' title="bbox 177 4028 1293 4106; baseline 0.013 -34"><span class='ocrx_word' id='word_1_320' title='bbox 177 4031 221 4073; x_wconf 81' lang='lat' dir='ltr'>xat</span> <span class='ocrx_word' id='word_1_321' title='bbox 243 4028 390 4090; x_wconf 90' lang='lat' dir='ltr'>praesentia</span> <span class='ocrx_word' id='word_1_322' title='bbox 416 4029 568 4082; x_wconf 83' lang='lat' dir='ltr'>assistentes</span> <span class='ocrx_word' id='word_1_323' title='bbox 591 4032 767 4099; x_wconf 86' lang='lat' dir='ltr'>qualicunque</span> <span class='ocrx_word' id='word_1_324' title='bbox 781 4034 882 4085; x_wconf 90' lang='lat' dir='ltr'>demum</span> <span class='ocrx_word' id='word_1_325' title='bbox 902 4035 1105 4089; x_wconf 85' lang='lat' dir='ltr'>inconvenienti</span> <span class='ocrx_word' id='word_1_326' title='bbox 1118 4034 1293 4106; x_wconf 85' lang='lat' dir='ltr'>agendimcdo</span> 
     </span>
     <span class='ocr_line' id='line_1_38' title="bbox 179 4113 1293 4194; baseline 0.014 -35"><span class='ocrx_word' id='word_1_327' title='bbox 179 4123 266 4164; x_wconf 83' lang='lat' dir='ltr'>norae</span> <span class='ocrx_word' id='word_1_328' title='bbox 278 4113 492 4169; x_wconf 75' lang='lat' dir='ltr'>Aeatholicorum</span> <span class='ocrx_word' id='word_1_329' title='bbox 507 4119 772 4183; x_wconf 81' lang='lat' dir='ltr'>concitationi‘anssm</span> <span class='ocrx_word' id='word_1_330' title='bbox 783 4123 949 4189; x_wconf 86' lang='lat' dir='ltr'>praebeant,</span> <span class='ocrx_word' id='word_1_331' title='bbox 971 4124 1076 4177; x_wconf 87' lang='lat' dir='ltr'>obviari</span> <span class='ocrx_word' id='word_1_332' title='bbox 1089 4127 1211 4194; x_wconf 87' lang='lat' dir='ltr'>inprimis</span> <span class='ocrx_word' id='word_1_333' title='bbox 1222 4130 1293 4179; x_wconf 82' lang='lat' dir='ltr'>inter·</span> 
     </span>
     <span class='ocr_line' id='line_1_39' title="bbox 174 4197 1291 4278; baseline 0.013 -29"><span class='ocrx_word' id='word_1_334' title='bbox 174 4197 217 4261; x_wconf 88' lang='lat' dir='ltr'>sit,</span> <span class='ocrx_word' id='word_1_335' title='bbox 238 4206 402 4268; x_wconf 80' lang='lat' dir='ltr'>respectisns</span> <span class='ocrx_word' id='word_1_336' title='bbox 417 4207 512 4259; x_wconf 77' lang='lat' dir='ltr'>Archi·</span> <span class='ocrx_word' id='word_1_337' title='bbox 528 4208 555 4261; x_wconf 78' lang='lat' dir='ltr'>e&#39;t</span> <span class='ocrx_word' id='word_1_338' title='bbox 567 4208 724 4278; x_wconf 86' lang='lat' dir='ltr'>Episcopos</span> <span class='ocrx_word' id='word_1_339' title='bbox 737 4212 769 4263; x_wconf 89' lang='lat' dir='ltr'>ad</span> <span class='ocrx_word' id='word_1_340' title='bbox 783 4212 895 4271; x_wconf 81' lang='lat' dir='ltr'>solerter</span> <span class='ocrx_word' id='word_1_341' title='bbox 910 4213 1030 4265; x_wconf 81' lang='lat' dir='ltr'>vitandas</span> <span class='ocrx_word' id='word_1_342' title='bbox 1043 4213 1196 4267; x_wconf 89' lang='lat' dir='ltr'>huiusmodi</span> <span class='ocrx_word' id='word_1_343' title='bbox 1208 4217 1291 4267; x_wconf 88' lang='lat' dir='ltr'>incon·</span> 
     </span>
     <span class='ocr_line' id='line_1_40' title="bbox 178 4290 1290 4373; baseline 0.016 -38"><span class='ocrx_word' id='word_1_344' title='bbox 178 4290 324 4341; x_wconf 75' lang='lat' dir='ltr'>uenientins</span> <span class='ocrx_word' id='word_1_345' title='bbox 338 4303 450 4348; x_wconf 88' lang='lat' dir='ltr'>attentos</span> <span class='ocrx_word' id='word_1_346' title='bbox 461 4298 584 4362; x_wconf 85' lang='lat' dir='ltr'>reddere,</span> <span class='ocrx_word' id='word_1_347' title='bbox 599 4314 680 4366; x_wconf 87' lang='lat' dir='ltr'>eoque</span> <span class='ocrx_word' id='word_1_348' title='bbox 694 4303 833 4369; x_wconf 86' lang='lat' dir='ltr'>speciatim</span> <span class='ocrx_word' id='word_1_349' title='bbox 846 4302 949 4355; x_wconf 79' lang='lat' dir='ltr'>insiare</span> <span class='ocrx_word' id='word_1_350' title='bbox 964 4304 1048 4355; x_wconf 73' lang='lat' dir='ltr'>uelit.</span> <span class='ocrx_word' id='word_1_351' title='bbox 1064 4321 1119 4373; x_wconf 92' lang='lat' dir='ltr'>quo</span> <span class='ocrx_word' id='word_1_352' title='bbox 1132 4306 1213 4359; x_wconf 88' lang='lat' dir='ltr'>iidem</span> <span class='ocrx_word' id='word_1_353' title='bbox 1223 4317 1290 4373; x_wconf 83' lang='lat' dir='ltr'>penes</span> 
     </span>
     <span class='ocr_line' id='line_1_41' title="bbox 175 4374 1287 4458; baseline 0.017 -33"><span class='ocrx_word' id='word_1_354' title='bbox 175 4374 371 4445; x_wconf 86' lang='lat' dir='ltr'>subordinatum</span> <span class='ocrx_word' id='word_1_355' title='bbox 386 4384 437 4435; x_wconf 87' lang='lat' dir='ltr'>sibl</span> <span class='ocrx_word' id='word_1_356' title='bbox 451 4386 554 4438; x_wconf 81' lang='lat' dir='ltr'>Clarum</span> <span class='ocrx_word' id='word_1_357' title='bbox 569 4387 690 4441; x_wconf 83' lang='lat' dir='ltr'>Curatum</span> <span class='ocrx_word' id='word_1_358' title='bbox 704 4391 872 4458; x_wconf 88' lang='lat' dir='ltr'>provideant,</span> <span class='ocrx_word' id='word_1_359' title='bbox 886 4402 916 4444; x_wconf 93' lang='lat' dir='ltr'>ut</span> <span class='ocrx_word' id='word_1_360' title='bbox 930 4393 1009 4458; x_wconf 86' lang='lat' dir='ltr'>idern,</span> <span class='ocrx_word' id='word_1_361' title='bbox 1025 4393 1113 4446; x_wconf 88' lang='lat' dir='ltr'>dum&#39;</span> <span class='ocrx_word' id='word_1_362' title='bbox 1105 4413 1132 4449; x_wconf 91' lang='grc' dir='ltr'>ιιι</span> <span class='ocrx_word' id='word_1_363' title='bbox 1145 4394 1225 4449; x_wconf 90' lang='lat' dir='ltr'>simili</span> <span class='ocrx_word' id='word_1_364' title='bbox 1236 4395 1287 4447; x_wconf 87' lang='lat' dir='ltr'>lun·</span> 
     </span>
    </p>
   </div>
   <div class='ocr_carea' id='block_1_20' title="bbox 117 4464 1287 4556">
    <p class='ocr_par' dir='ltr' id='par_1_22' title="bbox 117 4464 1287 4556">
     <span class='ocr_line' id='line_1_42' title="bbox 117 4464 1287 4556; baseline 0.018 -42"><span class='ocrx_word' id='word_1_365' title='bbox 117 4540 121 4547; x_wconf 31' lang='grc' dir='ltr'><strong><em>Ι</em></strong></span> <span class='ocrx_word' id='word_1_366' title='bbox 175 4464 264 4517; x_wconf 82' lang='lat' dir='ltr'>ctione</span> <span class='ocrx_word' id='word_1_367' title='bbox 275 4467 454 4538; x_wconf 77' lang='lat' dir='ltr'>constituitur,</span> <span class='ocrx_word' id='word_1_368' title='bbox 467 4474 534 4539; x_wconf 84' lang='lat' dir='ltr'>banc</span> <span class='ocrx_word' id='word_1_369' title='bbox 544 4492 646 4544; x_wconf 87' lang='lat' dir='ltr'>semper</span> <span class='ocrx_word' id='word_1_370' title='bbox 658 4481 683 4531; x_wconf 92' lang='lat' dir='ltr'>ln</span> <span class='ocrx_word' id='word_1_371' title='bbox 698 4488 773 4534; x_wconf 80' lang='lat' dir='ltr'>teste</span> <span class='ocrx_word' id='word_1_372' title='bbox 786 4483 865 4534; x_wconf 90' lang='lat' dir='ltr'>statui</span> <span class='ocrx_word' id='word_1_373' title='bbox 877 4492 904 4535; x_wconf 88' lang='lat' dir='ltr'>et</span> <span class='ocrx_word' id='word_1_374' title='bbox 915 4498 1018 4537; x_wconf 87' lang='lat' dir='ltr'>mnnerr</span> <span class='ocrx_word' id='word_1_375' title='bbox 1010 4485 1189 4541; x_wconf 84' lang='lat' dir='ltr'>sacerdotali</span> <span class='ocrx_word' id='word_1_376' title='bbox 1198 4482 1287 4556; x_wconf 78' lang='lat' dir='ltr'>propris</span> 
     </span>
    </p>
   </div>
   <div class='ocr_carea' id='block_1_21' title="bbox 0 0 1405 4852">
    <p class='ocr_par' dir='ltr' id='par_1_23' title="bbox 0 0 1405 4852">
     <span class='ocr_line' id='line_1_43' title="bbox 0 0 1405 4852; baseline 0 0"><span class='ocrx_word' id='word_1_377' title='bbox 0 0 1405 4852; x_wconf 95' lang='lat' dir='ltr'> </span> 
     </span>
    </p>
   </div>
  </div>
 </body>
</html>
