2798 4852
529 202 796 369 N-sar-
832 256 853 280 ··

171 438 224 516 lent,
241 440 397 515 sedetiam
414 443 597 527 specialiter
624 446 831 515 determinata
858 450 944 514 omni
956 449 987 513 iu
1004 464 1081 513 casu
1097 448 1248 515 sumenda
1359 534 1362 540 .

167 553 187 610 tt
197 553 354 617 exercenda
371 559 446 618 sunt
463 571 562 619 seusu
577 553 701 619 leniori.

189 642 192 646 ¹
221 658 246 722 3.
266 661 343 724 Pars
360 659 515 724 catholica
532 662 741 727 instructione
757 669 790 726 et
805 663 1022 729 cohortatione
1038 662 1245 746 adimplenda

130 788 133 793 ¹
158 763 231 830 ohan
244 767 328 831 eirca
344 767 480 850 prolium
497 768 717 834 educationem
735 776 786 834 est
800 769 963 836 lucranda.
1149 747 1167 777 '

216 873 244 936 4.
267 874 448 941 Secundum
473 876 555 956 hanc
573 885 708 941 mentem
726 897 795 942 cum
811 887 902 963 parte
920 878 1075 943 catholiea
1092 877 1248 962 agendum

153 986 175 1042 et
185 984 345 1063 generatim
363 1001 433 1047 oum
449 983 577 1049 lenitate
595 983 740 1049 iudicium
757 986 931 1052 terendum.

179 1078 181 1082 '
216 1089 242 1150 5.
265 1087 314 1152 De
338 1090 553 1171 postulatione
577 1091 628 1153 vel
653 1093 901 1172 praestolatione
926 1093 1144 1174 promissionis
1169 1090 1248 1157 edu·
1277 1128 1306 1135 *-
1343 1077 1353 1165 ,¹

154 1192 218 1264 candi
231 1196 337 1276 proles
354 1197 386 1277 in
402 1196 559 1282 religione
576 1197 734 1262 catholica
750 1201 876 1264 omnino
894 1197 1123 1263 abstinendum.

216 1303 243 1366 6.
266 1303 461 1368 Assistentia
476 1306 612 1393 passiva,
631 1313 777 1388 quantum
793 1307 992 1391 fieripotest,
1008 1313 1120 1390 utpote
1138 1314 1246 1371 extra·

113 1468 115 1485 ἰ
155 1409 300 1490 ordinaria,
317 1412 469 1503 insolita,
481 1420 516 1502 ct
529 1413 660 1488 odiosa,
686 1414 907 1498 restringenda
924 1423 972 1479 est
989 1422 1021 1478 et
1037 1421 1154 1479 tautum
1172 1422 1248 1477 tunc
1344 1438 1347 1445 ·
1370 1485 1374 1493 .

155 1520 322 1596 praestanda,
340 1515 372 1584 si
385 1537 459 1603 pars
475 1519 629 1585 catholica
646 1520 686 1584 de
704 1521 893 1588 educatione
909 1522 1046 1606 prolium
1062 1525 1197 1587 omnium
1215 1521 1247 1584 in
1273 1592 1278 1598 ,

157 1625 324 1692 contessione
349 1630 580 1710 protestantica
607 1635 726 1693 certam
756 1628 869 1713 prodat
892 1628 1135 1695 indifferentiam
1166 1647 1246 1712 erga
1292 1702 1295 1707 ¹
1385 1688 1388 1693 .

157 1727 295 1798 Ecclesiam
311 1734 500 1801 Catholicam
516 1743 549 1799 et
566 1732 671 1801 officia
690 1737 869 1819 coniugalia
886 1738 925 1801 de
942 1737 1142 1802 educatione.
1160 1737 1249 1801 Alias
1294 1784 1299 1789 -

158 1836 239 1904 sitatis
252 1841 369 1905 levitas
385 1842 544 1925 praesumi
561 1849 710 1924 nequeat,
728 1843 779 1906 vel
795 1847 941 1909 excusari
957 1846 1069 1927 possit,
1087 1844 1248 1907 assisten-
1318 1862 1323 1869 ’

157 1941 184 2005 lia
193 1951 307 2026 passiva
323 1949 429 2014 locum
444 1968 507 2014 uon
524 1949 701 2026 haheat-id
717 1956 776 2026 est,
792 1950 982 2032 praestanda
999 1958 1048 2016 est
1063 1949 1247 2016 benedictio
1347 2028 1350 2035 Ι
1378 1988 1383 1995 -

128 2110 131 2117 .
156 2058 268 2136 tnptialis
284 2057 319 2122 in
335 2059 485 2122 ecclesia.

122 2200 127 2225 .
216 2161 243 2231 l,
267 2166 435 2255 Puerperis
451 2164 617 2230 catholicis
642 2167 675 2231 in
691 2172 781 2230 matr.
799 2167 925 2246 mixtis,
943 2178 1082 2249 ‘quarum
1106 2164 1213 2246 proles
1229 2183 1247 2228 a
1281 2184 1297 2249 '.

115 2288 122 2329 ·,
155 2269 350 2341 praedicantiis
375 2272 552 2354 haptisatae
580 2278 651 2336 sunt
677 2279 708 2336 et
732 2275 770 2339 in¹
790 2270 993 2339 confessione
1019 2274 1247 2357 protestantica
1317 2290 1320 2295 ·

123 2428 128 2437 ,
153 2368 314 2467 llucantur,
341 2378 521 2445 benedictio
537 2398 693 2463 nunquam
709 2379 899 2465 deneganda
915 2389 986 2458 est,
1010 2381 1169 2464 quietalis
1187 2379 1246 2444 de·
1296 2459 1300 2465 .
1340 2416 1347 2423 ·

150 2488 253 2564 legatio
270 2475 485 2569 succensura
502 2487 647 2552 habenda
664 2496 724 2552 est.

212 2596 382 2659 Praeterea
398 2602 534 2676 quatuor
543 2594 709 2678 Episcopi:
726 2595 936 2670 coloniensis,¹
951 2596 1161 2670 trevirensis,
1178 2593 1246 2660 llo·
1322 2676 1325 2681 ἱ
1349 2568 1371 2678 ᾗ

140 2701 340 2787 lmateriensis,
357 2710 390 2765 et
405 2701 671 2766 Padarbornensis
688 2702 769 2786 Regi
787 2701 997 2767 Berussorum
1015 2703 1163 2785 scriptam
1180 2699 1242 2764 de·
1325 2732 1329 2737 ν
1363 2714 1366 2719 “

135 2789 238 2874 derunt
252 2811 513 2893 promissionem,
529 2817 600 2891 post
617 2811 736 2893 aliquot
751 2828 851 2885 annos
869 2810 1053 2892 pastoribus
1066 2809 1245 2874 concedere

125 2912 311 2988 Potestatem
328 2919 431 2982 omnia
447 2924 537 2981 matr.
554 2918 649 2982 mixta
666 2919 696 2980 in
707 2918 851 2982 Ecclesia
866 2917 1010 2981 absolute
1027 2912 1247 2982 benedicendi
1330 3007 1333 3011 1

119 2997 245 3088 Lilerae
262 3021 437 3089 Gordin'alis
463 3024 577 3089 Albani
602 3025 704 3089 Breve
720 3027 768 3089 Pii
782 3025 812 3087 8.
830 3025 870 3089 de
888 3046 915 3090 a.
934 3024 1030 3090 1830.
1058 3026 1247 3089 comitantes
1336 3094 1341 3100 ,

113 3120 149 3176 θῑ
169 3130 368 3196 declarantes
384 3132 535 3196 Parochis
551 3133 677 3196 minime
694 3133 989 3207 communicandae,
1017 3150 1077 3216 qua
1095 3131 1134 3194 de
1151 3148 1246 3195 causa
1288 3140 1291 3145 “

113 3232 210 3304 Ρδαθ
227 3248 409 3306 reservatae
425 3247 498 3305 sunt
514 3247 545 3304 et
561 3247 595 3304 ut
613 3240 717 3304 nullae
734 3241 918 3306 habeantur.
1346 3227 1351 3233 ’

640 3422 727 3495 442.

113 3568 309 3668 '‘asposttt
336 3594 611 3666 aquisgranensis
642 3593 797 3651 Gladssen
828 3590 968 3664 epistola
995 3593 1036 3650 ad
1064 3590 1249 3650 Panaenum

113 3660 278 3776 flmterlm
306 3682 359 3740 dd.
376 3686 422 3743 18.
443 3683 520 3740 llee.
540 3684 630 3742 leet.
648 3685 691 3740 -ln
709 3700 771 3755 qua
790 3683 968 3754 significate
995 3683 1062 3741 'slhl
1080 3676 1249 3741 vacantem
1279 3687 1283 3693 '
1370 3688 1373 3692 ’

113 3776 524 3853 Ἱψαίιιιιιῐτονίτοιιεοηι
541 3790 599 3849 per
612 3774 768 3842 Regimen
780 3774 989 3833 Borussleum
1007 3789 1045 3829 ca
1064 3769 1248 3830 conditione
1358 3783 1373 3823 η

115 3856 244 3938 Uerri,
262 3867 291 3923 sl
310 3868 420 3923 notam
438 3864 691 3923 conventionem
709 3866 784 3923 anni
802 3865 893 3922 1834.
912 3865 1019 3936 quoad
1037 3863 1130 3919 matr.
1144 3862 1249 3949 mixta
1331 3874 1336 3883 ·
1376 3949 1377 3953 Ἰ

188 4018 191 4025 ,
272 4014 274 4017 .
382 3956 616 4049 ohservan'dam
634 3956 765 4029 praevie
784 3955 980 4032 promiserit.
1017 3948 1030 4013 f

213 4064 328 4171 Lieher
343 4106 423 4170 Herr
439 4071 625 4170 Confraterl
652 4105 687 4169 ln
713 4104 794 4168 allen
811 4064 1158 4177 Fallemdie'unsere
1172 4099 1247 4166 heil.
1297 4118 1300 4123 ’
1323 4160 1326 4166 .
1365 4146 1368 4150 -
1394 4060 1398 4066 '

113 4194 242 4280 [irche
259 4194 421 4293 heustan,
438 4215 493 4277 hin
509 4213 561 4277 ich
577 4210 676 4277 Ihnen
693 4219 771 4296 stets
789 4213 985 4294 ollenheruig·
999 4227 1161 4294 gewesen.
1182 4210 1247 4273 Das
1298 4220 1301 4226 ’
1367 4294 1370 4298 Δ

113 4319 197 4391 ³0ss
208 4323 284 4387 anch
299 4323 341 4385 im
358 4322 598 4404 untergehenen
614 4322 702 4386 Falla
719 4319 911 4415 geschehen.
929 4302 1159 4383 Ananiam.
1176 4315 1248 4382 Mo-

113 4428 322 4516 natsgegen
338 4432 358 4495 9
374 4432 438 4496 Uhr
453 4429 693 4516 Abends'kam
705 4431 762 4496 der
786 4429 883 4494 lhnen
907 4424 1150 4507 wohlhchannte
1165 4423 1248 4494 Herr
1274 4442 1277 4446 ⁴
1320 4414 1330 4431 ⁶
