2798 4852
581 284 730 363 ..aar
765 324 810 342 -
872 317 879 401 J

134 471 346 540 concordibus
371 474 530 561 suffragiis
554 479 586 543 io
601 495 641 542 eo
657 481 882 554 convenerint,
911 480 942 544 in
958 497 1036 546 casu
1052 481 1109 548 tali
1126 481 1259 548 absolu·
1350 536 1353 541 .

135 581 253 645 tionem
269 581 444 666 aagendam
460 600 544 650 esse.
577 582 741 651 Generalis
757 586 901 653 vicarius
917 590 1103 654 seutentiam
1120 587 1259 672 syuodo·

132 687 195 752 lem
207 705 297 754 suern
309 690 463 766 lecit‚bac
473 699 576 771 tameo
591 713 660 759 cum
677 693 906 761 modificatione
921 697 953 760 in
969 712 1075 763 casum
1091 713 1161 760 eum
1177 696 1260 762 obti-

132 802 240 869 ueote,
257 798 285 861 si
299 813 373 879 pars
389 800 542 864 catholica
558 802 668 866 mixtas
684 803 806 886 nuptias
821 800 940 867 calculo
956 802 1120 869 Ecclesiae
1136 820 1256 888 repro-

130 901 224 967 batas
249 904 388 970 ineundo
422 910 525 972 serius
549 910 733 990 resipiscet,
765 911 890 974 sincere
925 908 1050 985 doleat,
1083 917 1255 992 atqueoou

131 1010 279 1074 obstante
305 1015 387 1076 omni
413 1005 528 1078 conatu
553 1015 740 1085 catholicam
766 1015 984 1083 educationem
1009 1015 1142 1105 prolium
1170 1018 1256 1083 nullo

129 1115 226 1184 modo
242 1119 385 1185 obtinere
402 1129 516 1204 queat,
533 1121 655 1196 eidem,
681 1142 750 1188 eum
767 1122 929 1189 Ecclesiae
946 1123 1090 1190 doctrina
1106 1131 1140 1188 et
1156 1124 1257 1190 disci·

130 1225 218 1310 plina
244 1226 379 1292 omnium
409 1235 583 1312 temporum
610 1228 725 1295 allatim
755 1230 889 1304 doceat,
921 1247 996 1296 aere
1022 1232 1255 1317 poenitentibus

130 1350 324 1417 quacunque
348 1334 439 1418 eulpa
454 1338 595 1419 gravatis
620 1335 787 1401 secundam
813 1344 885 1421 post
908 1335 1105 1422 naubepium
1120 1334 1256 1401 tabulam

130 1440 378 1506 subtrahendam
394 1440 476 1506 baud
493 1460 584 1518 esse,
601 1444 827 1508 absolutionem
850 1444 917 1508 dari
933 1461 1039 1529 posse.
1063 1442 1102 1519 ἢ

224 1550 261 1623 b)
283 1547 332 1612 An
355 1549 450 1613 liceat
472 1567 659 1634 puerperam
684 1549 798 1627 talem,
814 1568 895 1634 quae
911 1554 1041 1616 reiectis
1058 1551 1097 1615 ab
1113 1550 1256 1615 Ecclesia

128 1657 340 1740 praescriptis
366 1655 497 1720 cautelis
522 1676 592 1721 cum
619 1658 794 1723 acatholico
822 1661 946 1751 nuptias
977 1659 1156 1732 contraxit,
1186 1664 1257 1739 post
1311 1696 1320 1703 -

129 1770 255 1845 partum
281 1781 350 1827 cum
376 1765 539 1828 consuetis
564 1766 715 1848 precibus
740 1773 772 1829 et
787 1766 1006 1831 benedictione
1023 1763 1255 1829 introducere?

127 1869 182 1936 Ad
205 1872 396 1953 propositam
421 1873 502 1936 banc
527 1873 745 1953 quaestionem
775 1872 1005 1954 responderunt
1035 1872 1256 1938 Districtuales

127 1978 301 2062 negative,
327 1984 482 2043 momenta
508 1979 662 2042 rationum
680 1998 720 2042 ex
744 1977 978 2060 significatione
1002 1986 1034 2042 et
1050 1996 1165 2054 sensu,
1195 1981 1257 2042 imo

127 2105 146 2149 e
164 2092 323 2166 conceptu
339 2092 451 2152 natura
463 2093 494 2150 et
505 2101 601 2168 scopo
617 2085 707 2151 buius
723 2085 893 2169 religiosae
910 2087 1044 2151 actionis
1062 2084 1254 2150 derivantes.

127 2193 209 2258 llam
226 2194 314 2256 iuxta
330 2191 475 2257 arabicos
492 2192 607 2276 Synodi
622 2192 782 2257 Nicaenae
807 2191 953 2257 canones
976 2200 1010 2258 et
1026 2195 1181 2276 antiquum
1197 2190 1255 2254 lii·

125 2299 216 2365 tuate
233 2298 384 2363 Aletense
398 2301 727 2384 puerpera'catbolica
743 2298 782 2363 ad
797 2301 999 2365 imitationem
1010 2299 1125 2363 Beatae
1136 2299 1255 2363 ldariae

127 2407 165 2469 V.
183 2405 343 2490 'l'emplum
358 2404 416 2473 ltei
441 2407 526 2481 adit,
553 2407 667 2472 ibidem
682 2407 751 2472 Deo
767 2425 824 2489 pro
840 2407 922 2470 lelici
937 2413 1029 2490 partu
1045 2407 1157 2490 gratiis
1175 2407 1254 2469 actis

127 2512 271 2600 prolem,
288 2513 437 2578 coelestis
453 2513 675 2580 benedictionis
691 2516 828 2598 pignus,
853 2512 959 2578 Eidem
976 2512 1087 2592 offert,
1113 2529 1204 2592 quem
1221 2513 1252 2575 iu
1347 2568 1350 2573 .

127 2622 225 2687 daem
257 2623 401 2686 consistit
428 2622 465 2686 ad
482 2621 568 2687 lores
585 2623 708 2703 templi,
734 2628 766 2684 ut
783 2640 840 2706 per
854 2622 937 2684 huno
953 2621 1132 2686 humilitatis
1150 2625 1251 2681 actum

127 2728 170 2792 ab
188 2727 334 2792 omuibus
347 2730 378 2795 in
395 2717 770 2794 matrimonio'contractis
787 2746 805 2792 e
821 2727 1138 2811 tragilitate'bumana
1153 2725 1257 2790 leuio-

126 2836 221 2902 ribus
237 2837 331 2900 uoxis
346 2843 480 2919 purgata
497 2838 685 2902 auctoritate
701 2835 865 2901 Ecclesiae
879 2838 911 2902 in
929 2842 1053 2900 coetum
1069 2835 1254 2901 Sanctorum
1380 2916 1384 2925 ι

127 2942 370 3022 introducatur3
388 2944 548 3008 ardentem
565 2961 689 3007 cereum
705 2961 797 3006 mauu
813 2950 918 3017 tenet,
944 2962 1008 3027 quo
1023 2944 1162 3008 innuitur
1178 2958 1255 3006 cor-

127 3051 181 3116 dis
196 3052 337 3134 puritas,
354 3067 445 3133 quam
460 3049 602 3114 Ecclesia
617 3053 650 3114 iu
665 3067 822 3134 puerpera
838 3050 971 3132 flagitat,
988 3051 1137 3130 ob‘quam
1154 3064 1255 3113 novus

126 3160 318 3224 auxiliorum
343 3160 547 3240 spiritualium
572 3157 705 3221 alduxus
731 3160 878 3242 precibus
903 3156 1067 3221 Ecclesiae
1093 3163 1252 3221 exoratur.

127 3262 287 3350 Equibus
312 3267 454 3331 omnibus
481 3266 662 3348 dispicitur,
689 3283 876 3349 puerperam
901 3267 933 3328 iu
950 3262 1052 3348 ,mixto
1066 3280 1123 3344 per
1139 3259 1255 3324 Eccle-
1334 3340 1337 3344 y

128 3378 211 3439 siam
228 3375 395 3455 reprobato
420 3375 616 3438 matrimonio
641 3376 827 3439 existentem
853 3373 978 3437 minime
1002 3372 1049 3435 sio
1072 3368 1254 3450 dispositam

130 3496 217 3559 esse,
235 3488 269 3544 ut
284 3481 379 3545 huiua
396 3481 527 3544 actionis
543 3481 717 3564 religiosae
733 3477 1001 3565 etsiguificandae
1018 3473 1256 3541 etefliiciendae
1377 3467 1380 3471 ’

129 3590 247 3654 idonea
272 3590 322 3652 sit.
356 3587 454 3676 l‘orro
485 3606 641 3670 puerpera
674 3589 809 3675 isthaec¹
827 3589 995 3654 occasione
1027 3582 1255 3647 celebratarum

128 3695 311 3776 nuptiarum
341 3684 601 3759 sacramentalem
636 3697 769 3777 gratiam
799 3694 893 3760 flocci
923 3690 1065 3773 pendens
1094 3706 1158 3777 quo
1182 3686 1255 3749 loco

128 3805 216 3868 banc
240 3801 495 3865 benedictionem
514 3801 668 3865 babebit?
692 3801 782 3876 Quod
807 3800 1034 3864 matrimonium
1049 3787 1181 3860 nonnisi
1199 3808 1256 3874 per

127 3912 343 3976 assistentiam
369 3911 526 3992 passivam
551 3913 767 3986 contraxerit,
791 3906 873 3972 baud
888 3906 961 3970 leve
978 3901 1157 3969 scandalum
1175 3897 1256 3962 tide·
1344 3972 1351 3985 ¹

126 4008 212 4082 libus
237 4015 339 4091 dedit,
371 4014 550 4097 sequaciter
566 4034 655 4081 novo
671 4015 796 4096 piaculo
813 4020 913 4079 semet
928 4011 1107 4076 obstrinxit.
1135 4007 1255 4082 Quibus
1354 4042 1359 4047 -

128 4114 214 4190 vero
238 4123 439 4189 Sacramenta
465 4131 642 4208 negantur,
667 4123 778 4188 iisdem
791 4125 892 4195 ,etiam
917 4121 999 4186 omni
1025 4122 1094 4184 iure
1124 4115 1273 4181 bonade·

127 4236 255 4300 etioues
270 4250 312 4299 ex
327 4235 517 4298 auctoritate
533 4232 694 4298 Ecclesiae
708 4231 898 4315 prollueutes
919 4229 1032 4312 negari
1048 4226 1171 4293 debent.
1189 4224 1256 4288 lte·

132 4380 350 4402 offl-

207 4465 242 4533 *p
263 4461 385 4520 cauom.
397 4467 424 4523 2.
439 4465 505 4521 uon.
519 4468 580 4520 eea.
591 4428 652 4536 pap.
670 4464 740 4533 tot.¹
780 4500 782 4507 -
