2798 4852
582 248 815 323 -443-
926 257 930 262 ’

141 437 281 521 benigna
296 436 461 503 Resolutio
486 439 521 504 R.
551 438 590 504 de
607 440 637 504 t.
654 442 734 506 Nov.
755 441 850 509 1790.
875 448 907 510 in
933 451 1063 530 negotio
1086 448 1265 532 Religionis

142 543 227 609 edita
244 545 337 608 latius
351 548 515 628 patuisset,
533 549 787 635 arbitrariaeque
804 555 1169 635 interpretationilocum
1184 556 1265 621 reli-

140 651 276 735 quisset,
293 652 450 735 subseque
467 672 543 739 erga
562 656 727 721 demissam
745 659 847 723 Status
865 661 1027 735 Catholici,
1044 680 1084 727 ne
1102 661 1263 728 divexati-

137 758 254 839 onibus
272 758 475 824 exindeansa
492 763 707 844 praeberetur,
725 767 1004 840 intercessionem,
1021 767 1070 830 bis
1087 767 1266 849 latepaten-

136 864 225 929 tibus
240 865 364 947 uerbis:
392 885 507 939 „secus
524 877 555 931 et
570 869 660 945 illos,
687 873 740 952 qui
758 871 933 937 Articulum
959 874 1042 936 bunc
1060 875 1110 937 vel
1127 892 1167 939 ex
1184 882 1264 956 tolo,
1380 920 1386 940 .

135 971 191 1037 vel
208 974 239 1036 in
255 980 347 1056 parte
374 978 567 1057 transgressi
585 976 712 1051 luerint,
731 986 784 1042 aut
800 981 1010 1045 violaveriut“
1037 982 1182 1045 consulto
1209 976 1285 1045 ex?

133 1085 256 1156 missis,
273 1082 371 1146 altera
388 1083 524 1166 benigna
550 1083 713 1148 Resolutio
731 1086 765 1146 R.
793 1087 904 1151 eodem
931 1088 962 1150 in
989 1089 1115 1153 obiecto
1142 1087 1193 1152 dd.
1212 1089 1264 1152 18.
1346 1138 1351 1149 .
1391 1108 1395 1115 ’

132 1189 265 1265 ianuar.
287 1189 380 1253 1791.
399 1191 438 1253 ad
454 1191 607 1254 violentas
618 1195 831 1258 tantummodo
848 1194 1033 1276 templorum
1045 1202 1103 1261 etc.
1114 1210 1258 1278 occupa-

136 1301 244 1361 tiones
260 1300 408 1360 restricta
425 1301 590 1370 emanavit,
616 1298 782 1381 taliterque
798 1301 903 1381 legem
920 1305 1013 1364 etiam
1031 1303 1178 1383 ingressa
1195 1304 1264 1376 luit,
1320 1336 1326 1345 ·

134 1406 184 1468 uti
199 1406 341 1478 lruius's.
362 1404 477 1467 12-um
502 1423 570 1467 cum
586 1406 759 1487 praecitato
777 1407 914 1489 benigna
940 1407 1002 1470 dici
1024 1407 1052 1471 t.
1068 1408 1148 1472 Nov.
1168 1407 1263 1487 1790.

135 1511 345 1575 Resolutione
362 1513 552 1576 combinanli
570 1514 765 1594 exploratum
781 1521 849 1585 est,
876 1521 907 1577 ut
922 1513 1052 1594 proinde
1079 1517 1105 1578 si
1121 1515 1263 1596 poenalis

134 1617 191 1681 illa
210 1619 333 1681 sanctio
350 1619 389 1681 ad
406 1637 498 1682 casus
516 1623 681 1684 mixtorum
700 1622 967 1686 matrimoniorum
984 1621 1182 1696 extendatur,
1198 1624 1264 1706 legi

134 1726 305 1790 manifeste
323 1727 382 1788 vim
399 1727 509 1791 inlerri
527 1729 566 1790 sil
583 1745 726 1791 necesse.
750 1727 971 1810 Praeterquam
983 1731 1087 1810 itaque
1098 1728 1181 1810 quod
1193 1748 1262 1791 mc·

132 1838 272 1896 rubratus
288 1832 449 1895 Articulus
466 1852 505 1897 eo
513 1833 675 1923 duntaxat,
692 1853 784 1915 quem
796 1835 897 1897 eidem
907 1835 960 1897 lex
970 1839 1128 1918 posterior
1142 1833 1262 1914 ¹⁷9‘l‘1·

136 1938 265 2015 tribuit,
282 1957 381 2002 sensu
396 1941 531 2023 intelligi
547 1943 658 2022 possit,
675 1943 701 2001 is
719 1960 884 2022 numquam
902 1943 995 2002 etiam
1011 1945 1041 2003 in
1057 1943 1263 2003 subversanto
1343 2024 1346 2029 ¹

137 2049 253 2109 merito
270 2046 308 2107 ad
324 2056 412 2109 usur'n
429 2047 582 2110 deductus
599 2047 667 2118 tuit,
701 2047 885 2127 redoletque
900 2049 1006 2131 legem
1023 2047 1207 2119 obsoletam,
1231 2041 1263 2109 et
1338 2076 1342 2085 ·

138 2169 204 2217 usu
220 2152 302 2216 baud
320 2155 510 2231 roboratam,
527 2173 563 2216 ac
579 2154 710 2236 proinde
728 2153 824 2219 ductu
839 2156 971 2236 Tripart.
995 2157 1076 2246 Part.
1091 2153 1130 2217 ll.
1142 2155 1259 2234 cap.·2.

131 2263 250 2345 vigore
269 2259 433 2343 obligandi
448 2260 637 2326 destitutam.
656 2296 695 2307 -
714 2262 813 2327 Porro
838 2263 891 2325 lex
907 2263 985 2325 baec
1002 2281 1019 2325 a
1036 2269 1164 2344 recepta
1182 2261 1261 2324 iuris
1343 2277 1365 2325 ·.

133 2385 250 2433 norma
270 2368 433 2447 abludens,
450 2372 526 2433 iuris
542 2370 693 2433 remedia.
710 2389 746 2434 ac
763 2372 929 2453 signanter
946 2371 1139 2453 appellatam,
1158 2367 1260 2449 qualis

135 2495 198 2541 nec
215 2478 251 2539 in'
265 2492 340 2537 casu
357 2483 450 2539 notae
466 2476 657 2539 infidelitatis
675 2477 829 2557 denegari
855 2477 957 2549 solet,
990 2475 1050 2539 nisi
1076 2473 1114 2536 ad
1132 2474 1260 2537 Comitia
1291 2564 1298 2573 ⁸
1369 2496 1372 2501 ·

130 2582 239 2664 Regni
257 2589 346 2644 extra
365 2581 532 2645 dominium
550 2582 730 2655 admittens,
756 2589 843 2644 actus
868 2584 1067 2658 potentiosos
1088 2587 1125 2659 ¹et
1140 2580 1262 2644 violen-

132 2693 195 2753 tias
214 2692 454 2771 praesupponit3
479 2689 509 2749 in
526 2690 636 2752 borum
652 2707 730 2752 vero
748 2705 878 2752 censum
895 2687 1126 2752 benedictionis
1142 2705 1267 2751 sacer-.

128 2796 250 2860 dotalis
267 2796 438 2878 denegatio
455 2797 539 2859 nullo
556 2800 624 2861 iure
640 2800 748 2862 vocari
763 2791 878 2878 potest.
896 2794 1096 2876 Estdenique
1111 2797 1143 2858 in
1155 2795 1261 2878 appli-

133 2903 262 2966 catione
278 2922 354 2975 sua,
382 2910 475 2986 prout
491 2904 572 2966 illam
589 2903 760 2969 Comitatus
777 2904 1038 2986 Abarijvdriensis
1063 2905 1094 2966 in
1112 2902 1259 2965 ellectum

128 3008 295 3074 deducere
312 3012 417 3090 cupit,
445 3028 460 3069 a
487 3011 603 3072 iustitia
629 3009 729 3071 aliena
756 3015 787 3072 et
803 3011 1007 3089 perniciosa3
1041 2996 1162 3070 sanctio
1179 3009 1261 3072 enim

133 3117 222 3180 illius
239 3135 297 3201 pro
316 3117 397 3178 omni
426 3117 698 3199 praevaricatione
724 3116 858 3177 mulctae
885 3113 995 3175 60011.
1015 3131 1127 3193 ungar.
1145 3113 1260 3177 soluti-

135 3219 233 3287 onem
250 3227 341 3286 toties
356 3227 477 3304 quoties
495 3222 647 3300 decernit,
663 3223 734 3285 duro
750 3223 890 3302 plerique
908 3222 1077 3283 animarum
1096 3225 1259 3283 curatores
1303 3293 1307 3304 Ι

133 3328 247 3393 30011.
276 3347 460 3412 congruam,
477 3332 537 3413 imo
555 3330 649 3411 aliqui
665 3346 705 3391 ue
721 3330 801 3391 banc
812 3326 1123 3409 quidemadmensam
1134 3326 1259 3397 habent,

133 3439 233 3523 quisi
252 3439 367 3500 violato
383 3437 444 3498 lori
460 3436 628 3519 privilegio
653 3443 805 3516 rectoque
829 3435 908 3498 iuris
925 3432 1036 3497 ordine
1060 3450 1118 3512 per
1135 3434 1259 3496 incom-
1322 3479 1327 3489 .

132 3551 250 3625 petens
282 3536 568 3605 extraordinarium
600 3542 735 3604 tribunal
767 3541 910 3604 seculare
942 3540 1077 3603 convicti
1107 3557 1169 3602 non
1200 3539 1261 3602 ob·
1349 3540 1356 3548 '

128 3657 234 3714 stante
266 3648 425 3711 beneficio
452 3649 681 3729 competentiae
710 3647 747 3709 ad
772 3665 879 3728 peram
906 3655 938 3710 el
968 3664 1094 3710 saccum
1128 3651 1256 3710 excussi
1356 3698 1370 3733 ·.

127 3763 228 3839 atque
244 3756 328 3817 vilae
347 3755 458 3816 mediis
475 3759 653 3836 potentiose
669 3758 781 3839 privati
792 3755 919 3828 luerint,
936 3755 1090 3819 stationes
1108 3772 1183 3816 suas
1199 3771 1258 3834 pa-

133 3861 298 3928 rochiales
324 3860 473 3925 deserere
500 3869 673 3942 cogentur,
699 3863 781 3924 unde
798 3879 871 3924 cura
889 3863 1056 3945 animarum
1074 3878 1110 3925 ac
1126 3859 1258 3942 proinde
1286 3924 1289 3930 ,
1317 3935 1321 3947 ¹
1385 3856 1388 3861 ’

128 3971 249 4033 bonum
266 3969 422 4052 publicum
441 3970 658 4033 detrimentum
675 3973 818 4050 patietur.
843 3969 957 4031 blultae
974 3986 1048 4030 sane
1060 3969 1259 4050 praevarica-

127 4079 237 4161 tiones
254 4077 405 4140 adversus
422 4075 595 4157 Religionis
612 4081 726 4139 statuta
745 4077 931 4138 commissae
947 4075 1049 4138 locum
1069 4074 1257 4144 babuerunt,

129 4183 206 4247 dum
222 4185 253 4246 in
281 4183 448 4246 obversum
473 4183 556 4267 logis
578 4184 732 4246 catholica
758 4183 890 4266 prolium
918 4181 1063 4244 educatio
1086 4176 1256 4261 impedita3
1324 4257 1327 4263 Ι
1392 4262 1394 4267 Ι

133 4291 207 4355 dum
225 4293 304 4355 citra
319 4290 503 4354 altissimum
527 4310 544 4352 a
569 4291 640 4354 Mai.
658 4290 720 4352 Vra
747 4288 839 4352 SSma
857 4290 1014 4379 obtentum
1031 4278 1183 4351 transitus
1199 4290 1252 4351 in·
1293 4373 1297 4381 .
1332 4292 1340 4298 “

126 4395 246 4473 dullum
263 4415 281 4458 a
297 4399 397 4460 sacris
423 4396 585 4460 catholicis
613 4397 783 4489 descitum5
817 4395 888 4460 dum
913 4401 1025 4461 contra
1053 4395 1256 4459 manifestam
