2798 4852
571 270 810 351 -587-

132 465 209 555 13.
227 476 258 532 11
285 476 341 534 art.
368 469 398 532 6.
416 467 455 532 i:
484 466 577 534 1744.
606 470 738 552 Principi
764 473 928 555 competit,
955 474 994 538 ad
1024 493 1130 540 casum
1156 481 1257 540 autem

132 581 285 666 propositi
301 579 490 661 gravaminis
506 595 568 642 non
585 577 621 642 ad
639 580 834 655 Comitatus,
860 589 912 645 aut
938 583 1056 658 Sedes,
1087 582 1144 646 sed
1168 585 1258 648 iuxta

133 685 239 770 Gomp.
258 687 365 752 const.
391 685 413 749 l.
430 689 478 751 tit.
499 685 527 749 1.
545 695 602 751 art.
624 686 651 754 1.
668 688 697 767 5.
715 688 745 755 9.
763 697 794 752 11
811 709 837 753 1.
864 687 942 754 1791
961 713 968 751 :
998 690 1047 753 10.
1067 691 1117 755 13.
1135 691 1172 755 ad
1190 692 1257 756 Go-

132 797 219 861 mitia
244 802 367 878 spectat
400 812 496 879 super
522 797 613 860 modo
640 797 809 862 sufferendi
835 800 1032 881 gravaminis
1064 799 1255 864 deliberare.

132 903 216 969 Nihil
244 903 373 986 proinde
399 905 515 968 certius
542 910 610 982 est,
639 922 729 988 quam
755 907 920 987 sphaeram
942 905 1144 971 comitatuum
1161 908 1257 989 longe

134 1008 314 1088 excedere,
350 1017 383 1075 ut
410 1010 597 1076 Sacerdotes
624 1013 664 1075 ob
681 1029 743 1076 non
770 1011 1016 1078 administratum
1038 1017 1129 1078 ritum
1145 1032 1257 1078 saera·

132 1119 297 1184 mentalem
314 1134 418 1182 coram
434 1117 524 1182 Civili
542 1117 666 1183 iudicio
681 1121 773 1183 statui
801 1119 960 1185 decernat.
983 1121 1094 1186 Clerus
1112 1121 1255 1205 proiecto

132 1231 194 1294 hoc
209 1229 266 1292 sub
283 1234 430 1309 respectu
453 1224 711 1308 quemadmodum
736 1228 767 1290 in
793 1227 954 1313 Hungaria
981 1231 1012 1294 vi
1027 1229 1120 1295 Decr.
1137 1230 1157 1292 1.
1176 1229 1257 1292 biat-

132 1340 217 1402 thiac
238 1335 259 1397 l.
280 1337 328 1398 tit.
346 1332 377 1396 3.
392 1339 422 1407 s.
446 1335 473 1394 1.
496 1351 628 1406 „omnes
648 1352 762 1398 causae
783 1335 866 1400 circa
888 1337 1037 1420 mysteria
1063 1343 1094 1400 et
1114 1335 1257 1400 deiectus

131 1445 414 1520 Sacramentorum,
428 1443 503 1506 item
513 1459 627 1507 causae
645 1442 768 1507 infacto
779 1440 852 1506 fidei
868 1450 899 1506 et
914 1462 1029 1508 causae
1040 1443 1204 1507 haeresum
1217 1475 1256 1489 ·-

86 1568 90 1574 ·
132 1569 251 1615 causae
262 1547 505 1615 matrimoniales
523 1556 555 1612 et
571 1550 753 1613 accessoria
770 1552 909 1624 earum“,
921 1552 965 1613 ita
980 1553 1011 1615 in
1028 1550 1258 1615 Transsilvania

132 1667 206 1745 post
226 1657 453 1723 restitutionem
480 1655 684 1739 Episcopatus
711 1676 774 1721 non
809 1658 899 1723 Civili
920 1659 990 1723 ,sed
1030 1641 1255 1722 Ecclesiastico

131 1768 241 1833 subest
265 1767 442 1840 tribunati,
468 1764 498 1831 id
516 1769 615 1848 ipsum
632 1767 833 1831 confirmante
850 1766 923 1850 lege
941 1767 1003 1831 32:
1031 1765 1128 1829 1791.
1162 1764 1165 1770 ’

222 1932 252 1996 2.
269 1930 314 1994 Eo
332 1931 431 1994 minus
449 1936 630 2011 exspectata
647 1931 761 1993 accidit
777 1931 927 1993 dictorum
955 1929 1159 1994 comitatuum
1177 1945 1258 2011 que-

98 2117 100 2122 ,
131 2039 219 2114 reia,
245 2039 327 2122 quod
344 2040 493 2120 ignorare
510 2035 589 2100 haud
618 2038 777 2119 potuerint
793 2057 892 2101 meam
909 2037 940 2099 in
966 2035 1169 2120 gubernanda
1195 2035 1253 2098 Di·

132 2149 241 2213 oecesi
258 2146 373 2228 agendi
390 2144 557 2222 rationem,
574 2151 679 2226 utpote
697 2146 828 2227 quinon
846 2151 963 2208 tanturn
981 2145 1106 2226 quasvis
1124 2150 1255 2207 contro-

131 2257 305 2321 versiarum
339 2254 525 2317 occasiones
561 2251 695 2317 sollicite
730 2252 911 2323 vitaverim,
958 2260 989 2316 et
1025 2252 1135 2333 cuique
1167 2251 1249 2333 quod

133 2380 223 2426 suum
239 2368 302 2434 est,
327 2359 463 2424 reddere
491 2359 679 2436 studuerim,
705 2377 812 2424 verum
839 2361 932 2424 etiarn
959 2360 1072 2425 bonum
1091 2375 1257 2450 commune

132 2487 227 2536 carae
243 2470 363 2551 patriae
388 2475 572 2532 constanter
598 2485 671 2549 prae
688 2466 789 2532 oculis
806 2467 969 2540 habendo,
996 2453 1102 2549 legum
1134 2486 1257 2550 quoque

134 2562 270 2642 civilium
306 2574 433 2640 debitae
458 2574 680 2638 observantiae
714 2575 852 2639 intentus
877 2573 1108 2662 fuerimituis
1141 2573 1259 2645 credat,

134 2684 271 2751 metalla
289 2686 482 2750 constituere
500 2685 649 2767 potuisse,
668 2682 779 2764 quibus
795 2689 828 2745 et
838 2682 930 2765 leges
948 2684 1069 2765 patrias
1087 2682 1258 2746 conculca·

134 2794 253 2873 verim,
279 2800 310 2858 et
326 2793 470 2858 unionem
495 2795 579 2857 inter
600 2774 692 2856 ¹cives
709 2810 746 2855 ac
763 2809 872 2873 paoem
889 2790 1046 2876 publicam
1063 2790 1257 2862 convellere,

135 2902 378 2977 attulerantiam
407 2900 529 2964 civilem
547 2919 584 2963 ao
601 2916 738 2963 amoram
755 2899 838 2963 inter
856 2899 984 2964 eosdem
1002 2898 1200 2972 dilacerare,
1227 2903 1259 2960 et

135 3012 336 3074 occasionem
353 3008 607 3073 contentionibus
628 3053 635 3079 ‚
652 3005 730 3068 rixis
748 3004 900 3086 praebere
918 3004 1098 3077 voluerim?
1293 3000 1295 3005 ’

223 3171 253 3234 3.
279 3169 400 3235 Utinam
425 3167 575 3251 praedicti
601 3168 772 3232 Comitatus
796 3167 902 3248 prius,
935 3185 1026 3248 quam
1054 3164 1093 3229 ad
1116 3163 1257 3229 edendas

135 3280 414 3343 determinationes
432 3285 463 3341 et
477 3277 688 3360 proferendas
706 3275 976 3358 expostulationes
993 3273 1140 3356 politicae
1158 3291 1258 3355 aeque

134 3406 171 3450 ac
196 3386 304 3449 morali
330 3385 552 3451 consistentiae
577 3383 660 3448 Cleri
685 3383 839 3448 Catholici
865 3400 983 3445 summe
1008 3381 1201 3464 derogantes
1228 3387 1267 3444 et
1340 3426 1343 3431 -

133 3491 382 3577 praeiudiciosas
408 3492 640 3575 procederent,
663 3490 860 3577 Encyclioarn
885 3491 984 3572 ipsam
1011 3495 1131 3553 attente
1147 3488 1258 3570 perle-

133 3598 274 3683 gisseni!
299 3619 335 3663 ea
356 3600 498 3682 perlecta
515 3600 630 3664 nullam
645 3600 790 3681 proiecto
808 3616 916 3663 ansam
933 3582 1104 3662 scitabere
1121 3613 1255 3685 compe·
1276 3660 1279 3666 ,
1306 3656 1308 3662 ,

134 3709 252 3771 rissent
278 3714 387 3771 contra
423 3705 506 3771 illam
541 3707 736 3790 excipiendi,
769 3713 893 3788 tamque
931 3713 1071 3769 atrocem
1102 3697 1264 3795 adversus!
1338 3720 1341 3725 ·

134 3815 258 3879 Clerunr
284 3813 371 3877 Catb.
390 3821 607 3897 tempestatem
633 3814 801 3878 excitandi.
825 3814 860 3878 In
887 3812 1054 3895 Encyclica
1072 3814 1153 3876 enim
1171 3810 1257 3876 nulla

134 3940 264 4004 prorsus
280 3921 311 3984 in
329 3921 388 3984 fide
404 3923 526 3986 novitas
545 3924 787 4005 praedicatorio
798 3924 968 3987 obversum
980 3920 1106 3984 adducti
1119 3900 1261 4000 Approbss

135 4029 156 4091 l.
176 4032 221 4092 tit.
242 4030 269 4092 1.
289 4036 347 4093 111.
365 4029 394 4092 3.
413 4029 468 4093 sed
486 4031 639 4096 duntaxat
662 4033 742 4096 ritus
769 4034 928 4096 constanti
953 4028 1122 4092 Ecclesiae*
1144 4028 1179 4091 R.
1198 4027 1261 4091 Ca·
1375 4054 1379 4059 ·

137 4135 273 4199 tholicae
300 4136 462 4201 doctrinae
495 4138 666 4203 conformis
693 4141 724 4202 in
751 4135 924 4220 tractandis
957 4138 1065 4200 mixtis
1098 4135 1261 4201 connubiis

137 4242 330 4307 adhibendus
353 4246 595 4329 praescribitur:
621 4246 659 4309 ad
686 4244 768 4328 quod
794 4245 972 4310 faciendum
998 4242 1090 4326 plene
1120 4242 1259 4333 alioquin

136 4371 185 4415 me
211 4355 404 4417 auctorisant
430 4360 491 4417 tum
517 4356 547 4419 S.
575 4355 681 4438 Stepb.
708 4355 742 4419 L.
768 4355 805 4418 ΙΙ.
832 4373 861 4438 p.
878 4354 909 4416 2.
935 4353 1063 4428 verbe:v
1089 4350 1276 4443 „Episcopi

137 4457 270 4528 habeant
285 4467 470 4544 potestatem
484 4480 537 4528 res
565 4462 802 4529 ecclesiasticas
828 4460 1019 4555 providere,
1046 4473 1181 4543 regere,
1198 4476 1261 4541 gu-
