2798 4852
505 254 744 338 --535-Ι
857 263 859 269 ’

58 447 224 530 dulgentia
240 466 303 512 non
328 448 452 513 deliniri
478 448 534 512 sed
551 452 591 513 ali
612 449 716 530 potius
741 450 844 515 soleat
856 473 865 530 ;
891 451 1012 516 idcirco
1030 453 1061 516 in
1083 471 1190 519 casum

58 554 228 620 iufaustum
243 573 306 620 mon
322 555 561 638 resipiscentiae
570 556 627 620 sed
637 561 872 639 perseverantis
883 559 1083 641 pervicaciae
1094 563 1125 625 iu
1135 570 1188 626 xta

58 646 206 725 monitum
231 660 261 724 S.
287 661 373 726 Pauli
398 664 422 723 Ι.
440 664 510 726 Cor.
526 663 557 736 4,
575 663 812 728 21.ἠοοθεευπι
830 665 908 738 erit,
936 673 970 730 ut
986 668 1077 748 virga
1094 684 1186 730 com-

58 777 218 852 poscatur.
242 770 288 832 lta
304 769 373 833 lore
400 771 603 843 confidimus,
628 778 662 833 ut
687 769 840 834 ademtam
866 772 990 835 taudem
1017 770 1179 835 videamus

58 876 193 939 eliomo
209 874 308 941 lsrael
325 875 458 958 lapidem
482 877 681 949 offensionis,
709 885 741 940 et
757 879 975 962 vagabundam
1002 897 1094 943 ovem
1124 880 1185 944 hoo

57 983 288 1066 impendiorum
304 999 458 1066 processu
484 986 642 1047 iuventam
659 985 859 1068 humerisque
876 988 992 1053 nostris
1009 985 1184 1067 impositam

58 1091 98 1154 ad
117 1091 383 1153 summi·Pastoris
401 1088 476 1151 iesu
493 1087 605 1154 Christi
624 1090 706 1155 ovile
722 1091 882 1156 reductam
903 1092 1062 1157 laetemur.
1088 1094 1183 1168 Quo-

58 1200 147 1261 circa
164 1199 276 1260 iterato
293 1196 499 1280 religionem,
516 1198 661 1278 pietatem
679 1207 710 1261 et
727 1189 819 1261 iidem
835 1198 911 1262 llltis
929 1198 1011 1265 Vrae
1027 1200 1181 1283 interpel-

55 1305 179 1383 lamus,
196 1321 373 1387 precesque
389 1310 514 1366 nostras
531 1306 743 1388 geminamus,
762 1313 795 1369 ut
811 1305 896 1369 llltas
914 1305 1025 1370 Vestra
1044 1327 1101 1382 ea,
1120 1326 1181 1391 qua

54 1411 158 1485 valet,
176 1412 348 1492 sapientia,
365 1409 517 1484 doctriua,
534 1413 636 1493 gratia
658 1419 689 1474 et
706 1413 895 1477 auctoritate
913 1432 951 1476 eo
969 1415 1062 1479 modo
1080 1417 1180 1480 rebus

56 1518 182 1582 afflictis
197 1533 236 1579 ac
251 1517 376 1599 penitus
393 1516 463 1579 lere
479 1519 646 1598 prostratis
662 1518 830 1581 consulere
846 1518 1050 1604 dignaretur,
1071 1538 1133 1602 quo
1151 1528 1183 1584 et

55 1619 349 1708 Religionipietas,
368 1631 399 1686 el
415 1623 486 1688 hdei
502 1642 559 1687 sua
576 1627 760 1706 integritaS,
783 1633 814 1689 et
830 1630 951 1708 puritas
968 1635 1104 1703 constet,
1122 1646 1184 1712 quo

56 1729 238 1796 scandalum
255 1732 443 1814 patientibus
461 1730 647 1804 aedificatio,
665 1732 785 1814 pusillis
802 1733 833 1796 in
850 1732 911 1796 lide
930 1734 1102 1807 tortitudo,
1128 1735 1188 1797 llu-

58 1838 237 1929 ctuantibus
254 1845 375 1918 portus,
395 1838 615 1902 vacillantibus
625 1838 769 1912 fulcrum,
781 1840 905 1924 frigidis
917 1842 1064 1904 coelestis
1076 1839 1180 1914 ardor,

56 1946 221 2011 Ecclesiae
236 1945 359 2027 priscus
377 1946 483 2024 decor,
501 1944 589 2009 fratri
601 1953 711 2011 nostro
729 1947 820 2010 devio
838 1947 934 2019 salus,
948 1946 1087 2011 dioecesi
1104 1964 1180 2010 vero

56 2069 135 2118 suus
150 2054 260 2125 honoS,
278 2069 398 2133 suaque
413 2051 611 2116 incolumitas
619 2060 811 2133 praestetur,
828 2060 861 2116 et
872 2059 1070 2135 procuretur,
1090 2059 1184 2133 atque

55 2163 127 2226 Deo
153 2163 280 2242 auspice
305 2160 421 2223 intuto
446 2161 578 2224 locetur.
603 2159 642 2223 Ut
657 2178 735 2225 vero
760 2161 861 2223 omnia
879 2161 958 2224 haec
973 2174 1129 2242 prospere
1145 2177 1183 2221 ac

55 2269 251 2333 esoutentia
267 2269 426 2342 eveniant,
443 2266 613 2330 levabimus
629 2267 739 2332 oculos
757 2285 928 2350 manusque
945 2265 984 2330 ad
1001 2263 1054 2330 SS.
1072 2265 1184 2346 Virgi·
1273 2314 1279 2323 .

57 2381 131 2440 irem
156 2375 304 2448 Mariam,
331 2392 411 2454 quae
427 2374 494 2438 sola
520 2356 686 2438 universas
706 2373 858 2439 haereses
883 2374 1062 2445 interemit,
1089 2378 1184 2452 atque

55 2483 194 2546 iucunda
222 2499 281 2562 spe
305 2482 396 2556 freti,
423 2479 605 2544 confidimus
637 2481 807 2545 Auctorem
833 2482 1186 2559 Corrsummatoremque
1214 2480 1221 2497 '

56 2589 130 2652 lidei
149 2587 255 2651 lesum
281 2588 436 2651 Christum
463 2587 698 2652 consolaturum
712 2587 838 2651 tandem
856 2603 928 2650 esse
945 2603 1004 2650 nos
1021 2603 1132 2649 omues
1149 2586 1191 2651 in-

58 2695 334 2773 tribulationibus,
350 2713 432 2776 quae
449 2697 639 2758 invenerunt
657 2711 718 2759 uos
734 2696 855 2757 nimis·

543 2873 631 2946 617.
667 2873 753 2946 618.

45 3001 146 3090 ,idem
159 3031 325 3105 postulant
344 3029 455 3086 curati
468 3028 681 3084 lllstrlctuuru
703 3025 972 3097 hibethduyeusls
991 3027 1022 3081 el
1043 3025 1186 3081 Brenno·
1298 3031 1302 3035 ’

358 3120 552 3190 bainyensls,
578 3118 629 3173 dd.
648 3117 690 3173 ll.
704 3115 781 3173 blall
802 3115 887 3172 1841.
952 3170 961 3181 ,

148 3255 246 3317 Dirtr.
264 3250 532 3332 Libetba'ogemsis.
550 3281 589 3335 7-
613 3245 643 3312 3.
659 3245 708 3311 Ad
723 3244 855 3323 Joauuis
871 3243 1008 3321 Hordrilr
1020 3280 1038 3292 -
1053 3243 1135 3306 dicta
1153 3246 1183 3307 iu

56 3360 184 3444 publico
210 3359 392 3421 Provinciae
418 3359 570 3420 Pestanao
596 3371 749 3420 consessu
775 3353 894 3433 prolata
919 3334 1019 3431 (quae
1036 3346 1181 3413 'fideliter

56 3467 149 3532 uobis
166 3467 388 3530 communicata
408 3464 590 3536 hahentur),
610 3469 704 3542 atque
721 3459 758 3521 ad
776 3458 917 3521 eiusdem
934 3457 1183 3522 contradictum

56 3571 280 3637 Alliaconatus
297 3554 452 3634 Budensis
468 3570 571 3632 datam
586 3569 894 3650 reproteslationem,
913 3565 1085 3628 haereticis
1100 3582 1180 3645 pro-

55 3680 263 3765 positionibus
280 3685 454 3741 scateutem
471 3678 604 3740 horrore
621 3675 756 3759 perculsi
774 3672 992 3735 Districtuales
1011 3671 1186 3735 illustritati
1210 3664 1213 3670 “

55 3788 189 3852 Vestrae
205 3774 376 3851 humillime
392 3786 569 3868 supplicare
595 3783 770 3855 sustinent,
786 3788 819 3845 ut
835 3797 891 3842 sua
911 3781 1097 3843 auctoritate
1115 3777 1183 3859 Ep-

54 3896 117 3978 pali
133 3895 323 3959 individuum
341 3894 420 3966 hoo,
447 3892 529 3973 quod
556 3899 616 3954 tam
639 3890 791 3973 grandem
809 3877 967 3951 toaculam
984 3885 1040 3949 toti
1056 3884 1189 3968 ilunga-

55 4006 125 4066 rico
142 4000 243 4073 Glero,
259 4003 427 4083 praecipue
446 4017 518 4061 vero
535 3999 735 4061 Neosolieu'si
752 3997 873 4068 inussit,
892 3995 930 4057 ad
946 3993 1101 4058 iudicium
1119 3992 1183 4055 Ec-

54 4110 267 4174 clesiasticum
284 4125 420 4170 evocare
446 4115 477 4168 et
502 4106 539 4169 ad
557 4104 685 4169 dandam
712 4122 838 4168 suorum
866 4103 1018 4166 dictorum
1045 4117 1185 4180 suaeque

52 4222 174 4298 pravae
193 4214 356 4280 doctrinae
373 4216 527 4278 rationem
546 4229 666 4294 cogere
683 4210 841 4294 dignetur.

145 4323 241 4386 Distr.
269 4313 577 4404 Bremrobdugeusis.
605 4353 649 4366 -
680 4319 760 4384 Nota
789 4325 837 4381 est
863 4316 1003 4383 inaudita
1026 4312 1185 4379 temeritas

54 4409 185 4499 toaams
210 4429 343 4495 lter-arth
358 4431 390 4492 iu
407 4431 488 4495 binis
506 4417 735 4510 congressibus
747 4423 779 4488 C.
792 4424 964 4490 Pestiensis
975 4429 1064 4489 extra
1077 4437 1187 4487 omues

368 4752 371 4759 ,

317 4777 319 4780 ,
353 4764 363 4776 κ

332 4776 367 4812 P·

346 4802 359 4811 r.
