2798 4852
488 276 495 284 ·
604 220 841 348 -s-aress-

130 471 222 554 cuin
238 470 298 534 sibi
314 475 347 532 et
363 468 578 535 conscientiae
588 484 666 533 suae
681 486 811 550 marem
827 458 897 533 'vim
922 467 1059 554 inieram
1083 485 1156 557 cura
1170 486 1256 553 prae-

70 590 78 602 ‘
148 578 256 642 sertim
271 577 304 641 in
320 574 374 641 tali
391 592 467 639 casu
483 574 595 640 mulier
610 574 764 640 catholica
778 577 882 658 gratia
892 572 1115 640 sacramentali
1131 574 1261 640 etberto·

92 676 95 681 ’
146 682 286 749 dictione
302 680 464 747 Ecclesiae
480 681 646 747 manifeste
662 683 702 746 sit
718 683 859 767 indigna.

53 786 57 795 “
115 788 120 797 “
235 787 358 854 Terbo:
375 789 445 854 Dici
460 807 523 852 non
540 797 662 873 potest,
679 790 756 875 lege
771 789 871 872 Regni
884 789 1119 873 praescriptum
1134 806 1216 868 esse,
1231 796 1261 855 ut

19 974 22 979 ¹
93 880 234 962 ·.-matr.
251 897 346 961 mixta
372 893 563 965 etiamdum
598 914 661 960 non
685 897 974 979 omnes'utriusque
995 879 1259 989 ,sexus'prolesin

42 1040 47 1047 .
144 1007 226 1093 cath.
243 1005 399 1088 religione
416 1004 543 1069 educari
559 1007 790 1088 permittuntur,
816 1004 885 1087 pari
902 1023 972 1069 oum
987 1004 1060 1069 aliis
1076 1005 1144 1069 ritu
1159 1003 1259 1070 eccle·

8 1095 9 1099 ¹
69 1174 72 1179 ,
145 1114 274 1178 siastico
290 1110 553 1177 cohonestentur:
578 1122 649 1175 nam
660 1120 719 1175 art.
746 1111 808 1174 26:
839 1109 957 1190 ¹⁷9⁰s1·
984 1109 1262 1194 dicitpuidom,at

143 1226 232 1284 matr.
250 1221 347 1284 mixta
362 1236 486 1301 semper
503 1236 610 1283 coram
626 1220 771 1302 parochis
781 1217 946 1284 catholicis
957 1217 1205 1296 contrahentem
1219 1225 1260 1282 ast

1 1375 2 1380 ι
80 1402 82 1407 ,
145 1327 185 1391 de
202 1330 274 1403 ritu,
291 1344 352 1408 quo
368 1326 453 1392 dicta
469 1326 667 1391 matrimonia
677 1324 894 1391 contrahenda
909 1326 982 1399 sint,
999 1325 1172 1392 nibilineo
1187 1340 1259 1411 cun·

7 1418 17 1429 ⁸
48 1467 51 1472 ·
86 1492 89 1497 .
143 1438 235 1501 lineri
252 1434 369 1499 clarius
396 1441 469 1509 est,
490 1452 582 1517 quam
605 1443 643 1498 nt
669 1434 865 1517 probatione·
880 1428 1031 1517 indigeat.
1056 1432 1120 1506 Oai
1145 1420 1259 1499 articuli

141 1543 238 1607 verba
255 1547 286 1618 §-
305 1541 356 1606 15.
383 1538 426 1605 it'a
442 1526 679 1617 intellexerunt,
709 1548 761 1606 aut
786 1540 921 1624 intelligi
945 1539 1071 1613 uolunt,
1084 1604 1089 1611 ,
1104 1538 1258 1604 mannen

122 1648 313 1727 'sensumei
328 1647 486 1726 iniciant,
518 1666 610 1732 quem
626 1665 690 1712 non
706 1634 866 1728 continet,
892 1648 1029 1729 ideoque
1044 1646 1100 1711 bio
1115 1643 1195 1712 illud
1209 1654 1254 1710 te-

124 1754 295 1848 nendum:
329 1772 483 1836 expressa
509 1737 643 1831 docent,
675 1775 737 1822 non
764 1766 916 1837 expressa
933 1771 1012 1818 mon
1038 1760 1171 1836 nocent.
1202 1752 1256 1818 lia·

91 1898 110 1937 ·.
143 1856 245 1928 terum
313 1894 315 1899 ·
349 1914 353 1919 .
714 1850 718 1855 ’
759 1890 768 1953 ',
987 1865 991 1871 ’

231 1970 369 2040 Quarto:
396 1971 526 2036 Etiamsi
552 1971 655 2036 cluilis
680 1971 840 2055 legislatio
865 1972 948 2034 hunc
973 1986 1104 2034 sensum
1132 1967 1254 2035 articulo

120 2138 125 2151 ,
139 2077 303 2157 tribueret,
318 2094 382 2142 uon
399 2080 545 2144 existimo
561 2078 645 2142 illam
661 2079 722 2143 noc
737 2080 806 2143 iure
822 2079 931 2142 lacere
946 2085 977 2141 et
985 2076 1155 2157 Ecclesiae
1170 2091 1254 2160 prae-
1286 2154 1289 2161 .

13 2196 18 2229 ·'
76 2204 93 2230 ·-
140 2176 286 2250 scribere
298 2200 405 2267 posse,
426 2186 555 2268 quando
576 2193 609 2249 et
633 2188 666 2251 in
691 2185 813 2268 quibus·
828 2185 1034 2257 matrimoniis
1050 2179 1254 2249 cononiantn

90 2304 110 2316 ··
134 2292 262 2357 sacrum
277 2291 372 2371 ritum
383 2292 535 2357 adbibere
545 2291 671 2371 debeat,
689 2301 742 2357 aut
756 2295 900 2366 omittere
910 2293 1033 2377 possit3
1049 2308 1170 2372 preces
1185 2288 1254 2353 erla

10 2388 14 2395 ’
138 2406 170 2461 et
186 2395 425 2464 benedictiones
450 2408 521 2477 sunt
542 2408 597 2464 re's
622 2396 820 2481 spirituales,
855 2416 937 2482 quse
954 2399 992 2462 ad
1021 2399 1190 2482 sphaeram
1204 2394 1253 2459 Po-

20 2505 34 2519 ’“
138 2509 266 2579 testatis
283 2503 527 2572 Ecclesiasticus
537 2511 762 2591 pertinent,·ao
773 2528 832 2592 per
847 2506 1035 2591 illamdirigi
1048 2513 1082 2571 et
1090 2501 1253 2588 praescribi

47 2630 51 2639 ’
139 2615 269 2688 debent,
283 2632 342 2678 neo
357 2624 462 2696 potest
478 2613 586 2679 Civilis
602 2617 746 2680 Potestas
759 2623 861 2680 semet
871 2618 904 2679 in
919 2615 998 2678 baec
1014 2616 1181 2697 ingerere,
1192 2612 1252 2694 quin

35 2795 39 2801 ,
118 2725 166 2784 -iu
182 2724 249 2802 ipsa
266 2725 389 2802 interna
406 2721 569 2795 Ecclesiae
585 2723 717 2788 involet.
743 2723 931 2804 Ouidproin
947 2725 981 2789 in
995 2721 1056 2784 bac
1072 2739 1110 2785 re
1129 2719 1250 2805 Episet·

56 2858 60 2862 ·
135 2829 201 2908 pis,
221 2830 338 2909 ,quibus
365 2830 537 2911 depositum
554 2829 626 2893 fidei
651 2830 892 2894 custodiendum
908 2831 1107 2911 commissum
1125 2829 1185 2904 est,
1207 2843 1250 2891 se-

21 2949 24 2955 ·
53 2932 56 2936 ’
136 2932 290 3016 quendum
306 2937 356 3010 sit,
374 2943 407 3000 et
422 2954 475 2999 res
492 2939 561 3023 ipsa·
577 2937 684 3016 docet,
701 2946 732 3000 et
746 2939 845 3020 Caput
861 2936 990 3001 visibile
1004 2935 1251 3012 aeclesiarum

16 3124 20 3132 Ι
73 3027 77 3033 ’
135 3040 317 3106 viltrono.
334 3044 516 3125 Rescripto,
533 3045 573 3108 dc
590 3045 644 3107 25.
672 3043 761 3108 biart.
782 3044 878 3113 1830.
905 3045 954 3109 his
980 3044 1091 3109 verbis
1108 3045 1250 3129 exponit:

30 3220 36 3227 ,
60 3143 65 3157 ’
86 3157 89 3165 ’
111 3213 114 3218 ,
134 3133 236 3222 „Hinc
254 3153 335 3213 enim
360 3154 470 3215 merito
488 3143 692 3224 confidimns,
714 3138 782 3214 'non
799 3152 892 3215 modo
909 3152 975 3216 Vos
988 3134 1162 3245 ¹rescriptis
1176 3153 1250 3217 biset

62 3322 65 3328 Δ
132 3258 250 3319 nostris
267 3259 357 3338 plane
375 3260 593 3339 obsecuturos,
608 3257 779 3342 sed-ipsam
799 3259 1153 3341 quoquescrenissimi
1168 3259 1250 3342 benit

3 3438 9 3449 Ι
135 3364 333 3446 Majestatem
348 3368 441 3430 uobis
458 3382 522 3431 non
539 3368 823 3442 succensurum,·si
840 3348 940 3432 eidem
956 3371 987 3432 in
1003 3369 1104 3439 rebus
1122 3351 1251 3434 civilium

133 3488 175 3531 cx
192 3472 294 3536 animo
311 3473 585 3548 obsecundantes,
613 3476 645 3539 in
662 3477 700 3540 iis
716 3483 831 3554 tamen,
848 3461 929 3556 quae
945 3493 1009 3541 non
1026 3477 1143 3542 civiles
1158 3476 1249 3542 matri·

132 3580 228 3641 monii
245 3578 387 3652 effectus,
407 3583 462 3644 sed
479 3585 577 3662 ipsam
595 3584 752 3666 attingunt
777 3585 964 3649 matrimonii
980 3585 1129 3657 eiusdem
1145 3586 1249 3651 saumi-

132 3689 236 3761 tatem,
253 3694 284 3750 et
300 3686 452 3771 religiosa
469 3693 636 3774 coniugum
648 3690 750 3763 officia
762 3693 945 3774 respiciunt,
962 3693 1247 3778 saeraslleligionit

129 3791 312 3856 catholicae
329 3796 458 3874 regulas
476 3795 694 3860 custodiatis.“
866 3867 869 3875 ,
1061 3865 1065 3871 ,
1239 3816 1242 3825 ·

216 3899 354 3968 coemo:
379 3902 534 3966 Versatur
560 3905 632 3967 inibi
648 3923 744 3987 porro
762 3914 838 3971 ante·
852 3907 962 3972 ocutos
985 3909 1106 3993 ingens
1126 3907 1245 3975 oliensb

49 4035 52 4040 ·
130 4011 162 4067 et
178 3996 330 4080 damnum,
348 4009 432 4090 quod
448 4012 481 4073 in
497 4010 641 4075 Ecclesia
659 3995 820 4081 catholica
838 4021 1035 4090 nasceretur,
1065 4019 1094 4080 si
1111 4019 1241 4082 Ecclesia
1262 4042 1265 4047 ·
1288 4088 1290 4103 Ι

47 4152 50 4157 -
76 4153 79 4158 -
131 4107 310 4195 Hungarica
326 4124 426 4178 semet
441 4116 474 4180 in
490 4118 552 4180 boe
569 4120 694 4184 obiecto
711 4139 730 4183 a
746 4136 803 4184 suo
829 4124 934 4204 capite
944 4120 1088 4205 Romano
1100 4125 1243 4195 Pontius.
1287 4118 1290 4133 ⁸

129 4224 163 4280 ct
180 4237 316 4303 corpore
340 4222 481 4304 reliquae
497 4223 640 4289 Ecclesia
656 4226 744 4289 Gath.
771 4227 941 4291 scinderet.
967 4230 1066 4296 Certe
1089 4226 1240 4316 postqum

129 4324 374 4394 constitutiones
390 4331 578 4398 Pontificum·
597 4335 630 4397 in
645 4335 703 4398 bac
727 4351 764 4398 re
788 4352 848 4415 per
873 4341 975 4414 totum
990 4338 1104 4404 orbern
1117 4338 1238 4407 notaret
1288 4318 1290 4325 ¹

35 4447 41 4455 ·
66 4518 69 4523 Ι
129 4430 278 4515 vulgatae
302 4444 393 4514 sunt,
418 4445 581 4523 postquam
606 4445 638 4506 in
662 4441 824 4524 sequelam
853 4444 964 4511 baram
990 4444 1234 4515 constitutionum
