2798 4852
588 244 872 355 ·.·'-;aa.4'-

89 540 93 545 .
131 484 138 509 ³
178 472 296 540 Nescio
322 476 400 554 iarn,
428 492 467 566 ap
485 473 516 536 id
534 474 627 538 mirer
653 475 772 556 arogis,
798 468 879 555 quod
896 489 912 534 a
930 471 1058 539 Vicario
1083 469 1232 537 Generali
1248 481 1299 538 tam

52 591 65 639 τ
177 601 292 647 severe
309 583 513 664 exigebatur,
541 587 591 645 aut
615 583 719 664 potius
737 579 768 644 id
781 572 801 656 ,‘
819 578 900 662 quod
917 566 1021 644 Status
1040 587 1072 643 et
1088 578 1160 645 00.4
1180 582 1300 647 Praesi-

40 686 94 743 ὐ
179 691 277 756 diales
302 691 412 753 literas
438 688 623 754 Cancellarii
649 691 717 753 cius
743 689 892 771 temporis
918 706 976 769 pro
1002 705 1112 751 norma
1140 687 1299 763 adducant,

178 815 257 881 quae
274 799 480 880 inpraesenti
498 796 591 860 etiam
608 813 683 861 casu
694 795 845 861 aduersus
856 797 1030 880 Episcopos
1042 796 1156 879 urgeri
1173 799 1299 880 possiti

79 930 102 991 χ
121 898 125 912 “
177 905 212 969 ld
229 912 368 980 certum,
392 908 431 969 ab
448 924 485 968 eo
504 904 573 969 iride
592 913 734 987 tempore
751 903 851 968 similo
868 904 942 987 qtrid
959 905 1125 969 ditissimo
1142 903 1228 969 Loco
1248 904 1298 968 de·

36 1028 61 1097 j
136 1008 140 1015 ’
178 1014 346 1085 sideralem
372 1013 455 1083 haud
481 1031 573 1088 esse,
601 1021 631 1087 et
660 1012 753 1076 bodie
779 1011 949 1076 libertatem
971 1012 1159 1077 recurrendi
1177 1012 1297 1077 Roman

99 1141 115 1187 ·.
178 1139 238 1203 pro
261 1120 498 1225 dispensatione
524 1125 591 1203 pari
615 1123 649 1183 in
667 1136 742 1185 casu
769 1121 938 1189 obtinenda
967 1120 1166 1200 Episcopis
1159 1140 1191 1184 ιιι
1221 1118 1298 1184 salvo

176 1230 329 1327 relinqui3
350 1249 415 1294 -neo
441 1232 642 1325 ignorantes,
667 1229 820 1293 adversus
846 1226 1068 1295 Resolutienes
1096 1228 1215 1313 Regias
1231 1222 1299 1292 Pro·

178 1323 366 1402 testantibus
383 1338 483 1423 minus
500 1337 691 1425 favorabiles
702 1337 770 1419 plus
782 1340 849 1400 vice
861 1336 994 1419 simplici
1005 1335 1182 1417 allegatum
1201 1334 1298 1408 luisse,

178 1444 260 1530 quod
277 1446 494 1525 Protestantes
512 1446 609 1510 auditi
626 1462 686 1508 non
705 1447 784 1520 sint,
812 1443 934 1533 quodue
951 1444 1103 1526 legibus
1094 1445 1178 1524 rpsi',
1197 1452 1229 1507 ct
1244 1461 1298 1508 non

175 1553 429 1620 Resolutionibus
445 1553 660 1636 Mendetisquc
686 1552 793 1634 Regiis
819 1553 889 1634 regi
907 1550 1014 1617 uelint.
1040 1553 1218 1616 censerem
1233 1571 1300 1634 pro·

11 1716 15 1725 .
82 1646 85 1651 ¹
141 1661 269 1749 g-iudc,
295 1663 333 1724 ad
349 1662 405 1724 has
430 1661 681 1725 circumstantias
711 1663 798 1742 prius
830 1660 947 1724 attendi
978 1659 1138 1732 deberes
1152 1666 1245 1741 quam
1274 1666 1301 1723 ut

97 1778 101 1795 ²
134 1834 137 1846 ,
177 1754 427 1866 epraeadducto
459 1769 605 1852 exemplo
638 1768 676 1832 ad
706 1768 950 1851 resignationem
974 1756 1068 1861 officii
1087 1765 1211 1833 feratur
1229 1785 1298 1832 con·

6 1874 37 1946 “,
65 1958 80 1971 „
111 1896 135 1925 -·
179 1873 289 1940 clusio.
334 1876 519 1958 Resignatio
559 1876 653 1941 oflicii
684 1880 791 1960 potest
818 1849 1051 1972 nonnumquam
1078 1893 1214 1940 summe
1249 1895 1299 1941 nc-

54 2042 58 2049 .
158 1987 314 2057 ¹cessaria
354 2002 446 2058 esse,
487 1994 520 2047 et
551 1960 837 2066 magnanimitatem
869 1984 1108 2049 demonstrare.
1142 1993 1176 2048 at
1216 2002 1314 2067 saepe·

24 2086 30 2095 '
61 2102 64 2108 '
91 2146 99 2169 ,.
176 2092 393 2159 imbecillitatis
411 2099 458 2155 est
474 2082 632 2157 indicium.
657 2093 734 2156 Ere
757 2091 916 2155 Ecclesiae
938 2089 1133 2156 Catholicae
1138 2099 1231 2157 certo
1247 2111 1299 2157 non

84 2210 109 2297 ι’
177 2208 246 2283 est,
271 2199 490 2265 momentosas
507 2203 569 2262 sint
592 2201 759 2284 Episcopi,
784 2199 839 2263 sed
861 2201 965 2284 potius
983 2200 1079 2275 tales,
1108 2204 1163 2282 qui
1192 2203 1232 2265 ad
1248 2219 1299 2285 pu

23 2313 26 2320 '
91 2337 116 2393 ¹.
141 2327 145 2334 ’
176 2305 333 2395 gnandum
359 2328 415 2391 pro
440 2327 476 2372 re
501 2307 653 2373 catholica
678 2309 772 2374 alacri
798 2317 829 2372 et
853 2305 927 2376 lorti
951 2309 1014 2372 sint
1037 2311 1165 2387 anim03
1184 2317 1217 2374 et
1239 2311 1299 2375 hinc

1 2399 24 2471 ¹-
55 2472 57 2479 .
119 2413 143 2431 '⁸
177 2419 349 2499 resignatio
368 2417 505 2481 muneris
530 2435 592 2481 non
615 2417 752 2481 arbitrio
780 2416 990 2481 Ministroruro
1014 2416 1183 2482 Ecclesiae
1209 2418 1304 2483 relin-¹

123 2520 299 2608 ..'·'quitur,
325 2525 391 2588 ‘sed
419 2531 565 2590 accurate
592 2523 710 2588 definiti
742 2525 898 2589 habentur
926 2541 1029 2598 casus,
1056 2527 1090 2588 in
1120 2527 1237 2608 quibus
1255 2527 1298 2591 illa

178 2633 295 2697 admitti
312 2632 415 2715 possit
433 2639 486 2694 aut
503 2630 655 2700 debeat.

13 2757 24 2850 Ἰ
78 2851 80 2855 v
127 2776 157 2817 ’.
268 2746 433 2822 Postremo
472 2757 722 2838 praetermittere
761 2773 836 2859 non!
865 2776 1010 2839 possum,
1053 2761 1129 2841 quin
1173 2759 1212 2822 ad
1251 2780 1299 2831 ca,

119 2888 123 2893 ·
179 2883 258 2947 quae
293 2866 378 2928 circa
405 2865 561 2929 Placetum
588 2865 719 2949 Regium
747 2866 779 2928 in
814 2864 930 2929 Tabula
967 2870 1026 2930 ista
1057 2866 1187 2950 prolata
1220 2874 1298 2943 sunt,

177 2972 317 3035 breuiter
341 2971 601 3037 animadvertam:
638 2974 807 3036 Decretum
833 2972 1023 3054 sigismundi
1058 2973 1160 3058 Regis
1194 2976 1233 3039 de
1257 2990 1297 3036 an.

13 3078 17 3085 '
78 3124 99 3159 ¹.
179 3078 403 3161 raetiaque
429 3081 597 3161 vestigium
623 3096 699 3141 usus
717 3079 833 3167 Placeti
861 3084 1155 3160 quaeritur‚2inter
1174 3083 1296 3146 Decreta

25 3202 30 3211 ·
63 3204 93 3258 Α
118 3196 121 3201 “
176 3187 277 3269 Regni
296 3190 395 3250 nostri
411 3205 605 3268 nequaquam
630 3194 808 3268 receptum,
837 3183 944 3252 nac'id
961 3188 1208 3254 adhuc‘certum
1225 3206 1298 3262 esse,

178 3314 217 3357 an
244 3303 412 3357 memorata
437 3294 576 3376 provisio
594 3297 623 3357 in
651 3296 918 3376 Comitiisperlata
934 3298 974 3361 sit
992 3319 1051 3361 nec
1070 3300 1141 3363 uae?
1160 3302 1299 3365 Ceterum

23 3450 27 3457 .
85 3392 87 3397 ’
126 3490 129 3497 Ι
177 3411 393 3485 argumentum
417 3403 580 3466 rnernorati
604 3401 732 3465 Decreti
759 3405 1296 3472 totumcircaresbenelicialcset

4 3524 8 3530 ·
38 3529 62 3570 ·.
139 3556 143 3561 -
175 3506 335 3573 iudiciales
353 3517 518 3588 versatur,
543 3528 672 3592 quarum
690 3512 778 3593 leges
797 3519 926 3576 nostrae
944 3513 1048 3577 Seculi
1065 3515 1134 3578 XV.
1153 3518 1299 3600 frequen·

25 3670 30 3681 ,
137 3680 143 3691 Χ
176 3622 224 3678 ter
241 3619 465 3690 meminerunt,
492 3626 523 3680 et
541 3615 677 3699 'quarum
694 3620 808 3683 intuitu
833 3639 908 3684 usus
927 3621 1046 3685 Placeti‘
1062 3623 1160 3688 bodie
1178 3643 1296 3706 quoque

174 3723 332 3805 perdurat.
362 3726 551 3788 Postulatum
578 3732 679 3788 tamen
707 3727 845 3790 Statuam
872 3734 902 3791 et
920 3727 985 3790 00.
1015 3732 1121 3823 quoad
1150 3731 1298 3795 Placeton

178 3893 497 3904 w

176 3995 336 4059 competenti
358 4000 487 4060 potestate
510 4001 615 4046 utentes
636 4001 707 4046 tanto
731 3997 832 4064 magis,
855 3980 924 4066 quod
956 3998 1016 4064 lcge
1038 4000 1128 4067 patria
1141 4003 1295 4070 suffragante

175 4079 319 4155 dcatholici
333 4081 404 4132 nulla
418 4081 443 4132 in
455 4081 481 4131 3.
494 4090 522 4132 et
536 4083 558 4131 d.
572 4084 739 4150 cognationis
752 4087 835 4152 gradu
850 4087 1047 4155 dispensatione
1062 4099 1163 4157 egeant
1179 4129 1188 4156 ,
1203 4095 1299 4160 protes·

61 4244 65 4249 .
88 4222 92 4229 ,
175 4182 225 4233 que
239 4170 319 4230 patris
332 4170 455 4224 catholici
468 4163 625 4237 religionem
639 4183 779 4227 secuturae
801 4178 872 4239 sint3
892 4185 945 4227 tum
962 4177 1034 4245 quod
1049 4193 1084 4230 ex
1099 4180 1179 4232 mode
1193 4181 1296 4241 attactis,

110 4287 113 4295 .
139 4269 144 4278 ·
176 4254 379 4308 acaliiscoram
400 4259 480 4309 Nobis
494 4259 613 4312 adductis
636 4262 782 4316 rationibus
806 4267 897 4317 morito
912 4267 1047 4334 praesumi
1062 4278 1092 4320 et
1106 4271 1212 4337 sperari
1226 4276 1297 4338 queat

177 4343 326 4403 praesenti'
319 4360 345 4393 ιιι
359 4361 420 4397 casu
433 4345 510 4399 Suam
529 4365 639 4417 quoque
662 4351 833 4406 sanctitatem
856 4354 1083 4423 dispensationem
1108 4362 1292 4431 elargitnraro:

87 4520 94 4527 ⁹
124 4452 127 4457 ·
177 4426 462 4501 ¹—dispcusanausetc
484 4437 578 4490 ilatum
591 4439 737 4511 Tyruavrae
752 4443 795 4495 15
811 4444 948 4501 Februarii
963 4446 1070 4504 1819
