2798 4852
596 246 843 321 ..aeo-
945 191 1011 341 ¹*

151 439 367 523 Episcopalem
398 460 497 504 mcum
522 442 776 506 benedictionem
802 397 949 508 coelestis
977 443 1087 507 auxilii
1113 445 1245 509 donisau-

69 612 72 617 .
152 550 242 632 geatl
275 549 447 613 ¹Cassoviae
474 549 529 612 die
563 547 614 612 18.
646 551 723 613 Dee.
752 548 845 614 1840.

613 792 615 799 ν
667 746 754 820 596.

149 919 416 993 Repraesentatio
428 918 513 989 Eppi
527 916 749 974 Caesariensis
759 919 801 973 ad
810 917 947 988 Regium
957 917 1161 976 Maiestatem
1171 919 1200 975 tn
1208 933 1256 975 me·

151 1012 213 1066 ulto
244 1007 439 1064 relaxandae
467 1005 637 1073 Actionis,
665 1020 768 1076 ¹quarn
803 998 987 1062 Comitatus
1011 1005 1258 1076 Abaujvdrtensts

149 1100 263 1156 Scdrta
285 1099 397 1154 contra
421 1090 603 1152 Paroelrum
631 1094 878 1155 cassoviensem
902 1096 944 1152 olt
964 1097 1162 1166 denegatam
1183 1084 1258 1153 mixti

233 1187 430 1246 matrimonii
454 1185 713 1243 benedictionem
725 1187 849 1252 erexit,
870 1186 924 1243 dd.
937 1186 1093 1257 5.’April.
1107 1186 1194 1245 1841.
1245 1234 1249 1244 .

118 1343 120 1347 ’
153 1327 159 1362 ’·
186 1354 189 1364 ’
240 1338 338 1411 Quam
370 1334 617 1399 Ecclesiasticae
648 1335 799 1405 Potestati
830 1333 1080 1417 immunitatique
1114 1335 1260 1400 adversam

137 1453 242 1526 ,atque
260 1445 343 1507 omni
359 1444 457 1525 legali
472 1442 676 1522 iurrdamento
695 1443 876 1505 destitutam
891 1440 1198 1506 Determinationem
1212 1443 1260 1506 Co

60 1596 63 1601 .
152 1553 275 1614 milatus
292 1536 556 1638 Abaujmiriensis'
568 1551 599 1612 in
616 1566 711 1612 eausa
728 1540 1177 1623 mixtorummatrimoniorum
1193 1548 1260 1611 tule-

150 1660 209 1731 rit,
236 1655 349 1720 SSrnae
366 1654 448 1717 lirae
465 1654 621 1718 Maiestati
637 1654 739 1718 medio
757 1654 921 1718 humillimi
937 1657 1164 1742 meirecursus
1179 1655 1223 1718 dd.
1238 1653 1261 1716 8.

121 1783 125 1789 ’
151 1762 225 1826 Dec.
244 1782 272 1824 a.
290 1783 320 1846 p.
337 1760 506 1845 homagiali
522 1782 591 1825 cum
609 1757 777 1825 devotione
794 1762 1058 1836 remonstrando,
1087 1761 1260 1826 enixissimis

151 1872 297 1953 precibus
323 1868 391 1933 lllai.
418 1870 511 1932 Vnam
538 1869 662 1934 SSmem
699 1871 893 1943 exorabam,¹
926 1876 959 1932 ut
983 1887 1043 1950 pro
1068 1869 1212 1953 Augusta
1236 1867 1260 1930 in

46 1977 50 1981 ’
93 1984 104 1991 “
150 1980 263 2042 avitam
288 1978 484 2059 Religionem
518 1980 633 2057 pietate
660 1984 690 2040 et
716 1984 828 2040 sancto
852 1974 1028 2040 Ecclesiam
1054 1975 1117 2040 Dei
1144 1979 1257 2058 eiusque

150 2086 328 2149 libertatem
345 2085 464 2149 tutandi
479 2084 581 2149 studio
593 2084 717 2147 Clerurn
729 2083 893 2147 Dioecesis
905 2083 1199 2148 meaeralidissimo
1209 2082 1260 2146 Au·

152 2194 303 2255 ctoritatis
321 2190 441 2273 Regiae
459 2191 588 2253 brachio
614 2198 809 2274 protegere,
838 2191 1053 2255 conscientiae
1071 2189 1261 2255 sacerdotalis

29 2288 39 2303 ⁸
111 2302 113 2311 '
149 2300 346 2373 libertatem,
374 2297 570 2379 legalemque
588 2295 692 2361 Status
710 2296 925 2362 Ecclesiastici
941 2297 1169 2362 immunitatem
1185 2299 1258 2366 tueri.

130 2442 133 2447 ·
152 2406 372 2489 illegalemquc
383 2404 554 2468 Comitatus
573 2388 866 2468 determinationem
880 2396 1114 2488 benignissime
1131 2406 1257 2470 relaxare
1298 2390 1301 2467 i

130 2523 133 2529 ·
150 2512 305 2594 dignetur.
331 2511 392 2573 Has
409 2511 591 2599 humillimas
609 2530 721 2591 preces
739 2531 897 2576 renovare
914 2530 962 2574 me
979 2515 1068 2594 cogit
1085 2512 1176 2587 illud,
1192 2510 1258 2594 qnod
1299 2492 1301 2501 ¹

150 2603 491 2700 praelatusComitatus
503 2619 533 2680 in
545 2618 1260 2701 quaestionepositamdeterminationemsuan

152 2729 181 2786 in
209 2728 326 2789 realem
353 2727 497 2789 ellectum
525 2724 708 2801 deduxerit,
735 2724 930 2808 capitulique
956 2727 1016 2788 mci
1035 2728 1257 2791 Canonieumet

139 2822 293 2893 ¹Civitatis
311 2832 528 2894 Cassoviensis
554 2831 724 2894 Paroehum
751 2831 883 2895 Aetione
908 2831 1020 2896 Fiscali
1037 2852 1150 2898 coram
1168 2843 1257 2898 extra-

155 2937 311 3001 ordinaria
329 2937 409 3002 Sede
426 2937 596 3002 Judiciaria
614 2939 652 3000 ad
669 2956 800 3022 poenam
818 2937 883 3001 600
899 2940 928 3001 il.
946 2942 1116 3005 conveniri
1134 2941 1241 3005 iecerit.

237 3047 393 3108 Evenerat
418 3064 546 3125 nempe,
574 3054 608 3107 ut
634 3046 791 3126 gremialis
809 3046 913 3110 incola
939 3044 1023 3129 Aug.
1042 3046 1116 3113 erni
1134 3049 1256 3113 addictus

149 3152 182 3215 ll.
210 3152 399 3216 Catholicam
426 3153 613 3234 gremialem
644 3153 895 3215 inhabitatricem
927 3154 1057 3218 servilis
1087 3158 1257 3224 conditionis

84 3302 90 3310 -
151 3259 354 3332 deilorand0‚
380 3267 451 3339 post
475 3261 608 3341 plurium
635 3261 784 3321 mensium
813 3258 964 3322 eiiluxum·
984 3278 1055 3323 eum
1074 3269 1259 3346 urgeretur

150 3360 302 3430 deilorata
319 3367 423 3449 puella
440 3367 593 3451 huiusque
605 3369 758 3448 cognatis,
778 3374 812 3428 ut
829 3384 887 3445 por
903 3369 1138 3434 matrimonium
1151 3370 1259 3435 eandem

149 3474 387 3548 cohonestaret,
403 3473 636 3553 praelaudatum
654 3471 826 3535 Paroehum
843 3471 986 3536 adeundo
1006 3473 1112 3541 eidem
1130 3479 1256 3543 deelara-

150 3583 250 3658 verit,
278 3580 357 3662 quod
383 3582 555 3661 praelatam
572 3582 704 3664 puellam
721 3583 753 3643 in
771 3583 852 3643 uitae
868 3598 943 3644 suae
961 3583 1084 3647 sociam
1107 3586 1257 3669 delegerit

149 3695 181 3749 et
199 3706 267 3750 eum
286 3689 392 3751 eadem
411 3689 605 3751 matrimonio
624 3690 709 3770 iungi
720 3688 880 3752 desideret
891 3709 901 3768 3
919 3688 1100 3754 cuiusmodi
1118 3697 1258 3758 matrimo-

149 3794 225 3857 niali
244 3795 458 3858 coniunctioni
475 3795 632 3857 Paroclrus
650 3813 711 3858 non
729 3802 845 3858 tantum
863 3796 1124 3878 impedimentum
1143 3820 1200 3866 non
1214 3816 1257 3881 po-

146 3909 271 3978 suerat,
301 3901 354 3965 scd
371 3910 405 3965 ut
421 3903 688 3985 promulgationes
706 3894 963 3978 instituerentur,
982 3905 1166 3989 disposuit,
1183 3884 1256 3990 atque

70 4006 73 4010 ’
146 4025 290 4092 sponsam
309 4010 346 4071 ad
363 4010 554 4073 subeundam
572 4011 800 4074 institutionem
822 4013 1029 4094 religiosam,
1047 4036 1131 4097 quae
1149 4038 1165 4080 c
1180 4035 1256 4100 prac-

148 4117 261 4195 soripto
279 4117 568 4180 ecclesiasticarum
585 4118 709 4198 legum,
731 4112 1025 4198 ordinationemque
1054 4125 1253 4188 altissimarum

110 4290 113 4295 ,
146 4225 216 4282 unte
241 4227 467 4289 matrimonium
493 4225 647 4307 praemitti
664 4223 776 4300 debet,
802 4226 999 4304 inviauerat3
1026 4246 1178 4309 sponsum
1194 4248 1252 4296 rere

149 4325 325 4403 admonuit,
346 4339 380 4394 ut
395 4333 477 4394 idem
496 4349 593 4412 scopo
610 4332 871 4396 instituendarum
889 4335 920 4397 in
938 4337 1087 4402 oratorio
1103 4338 1254 4424 Evangeli-

144 4447 249 4496 eorum
273 4438 557 4518 promulgationum
585 4456 657 4502 sese
686 4441 766 4521 apud
794 4450 1041 4508 concernentem
1058 4444 1156 4512 Verbi
1171 4447 1252 4514 [lirini
