2798 4860
550 311 607 370 .·-
644 265 719 340 505
751 283 830 328 ...-

107 472 209 530 textu
227 459 308 527 aliae
325 479 449 544 quoquc
466 462 556 545 leges
573 463 822 542 transgressioni
839 462 914 526 ient
930 449 1101 539 obnoxiae,
1118 472 1260 548 ct-pars·

107 571 359 655 liegnicolarum
376 572 602 653 protestantica
619 567 802 635 necessario
819 571 990 651 privabitur
1015 569 1097 654 legis
1113 573 1237 652 praesi-

107 680 191 758 dio;
208 685 270 744 ittrc
287 679 433 761 exemplo
450 671 624 744 huiusmodi
640 674 942 761 praevaricationum
960 680 1047 743 cives
1063 681 1161 742 etiam
1178 682 1241 745 Pa-

107 791 200 851 triae
227 789 267 851 ad
293 789 383 869 leges
410 789 662 853 citrainlluxum
688 789 854 855 Potestatis
879 785 1091 875 legislativac
1107 809 1164 876 pro
1182 808 1238 856 sao

107 904 195 958 nutu
210 897 434 977 explanandas,
452 897 598 976 ipsasque
624 897 729 978 legum
747 897 935 962 violationes
958 905 1107 980 potenter
1124 901 1241 963 stimu-

115 1004 185 1066 lari
202 1007 406 1080 assentiant,
440 1000 549 1084 sicque
575 1006 852 1086 perniciosissimis
878 1007 1029 1070 doctrinis
1056 1014 1087 1068 et
1114 1006 1239 1070 ausibus

116 1113 185 1173 lata
202 1120 291 1192 porta
309 1113 478 1194 aperietur.
775 1122 777 1127 ’

207 1219 435 1301 sperabamus,
453 1220 542 1298 iore,
561 1227 591 1283 ut
607 1221 755 1282 Maiestas
771 1221 853 1294 Vra,
880 1222 931 1285 cui
948 1223 1073 1284 obtutus
1089 1222 1121 1283 bi
1139 1221 1240 1304 ignoti

107 1345 189 1390 esse
206 1343 268 1389 non
284 1335 442 1406 poterant,
460 1335 613 1408 tamquam
630 1327 735 1410 legum
753 1335 862 1391 custos
881 1308 1045 1393 et'vindex
1062 1327 1155 1391 ductu
1171 1327 1237 1390 Re-

114 1437 285 1503 sclutionis
302 1434 341 1496 de
358 1433 411 1498 et.
424 1435 522 1516 April.
542 1433 639 1497 1839.
659 1435 772 1508 editae,
789 1437 971 1501 immortalis
983 1452 1107 1517 quoque
1119 1453 1239 1499 memo·
1342 1500 1345 1512 ‚

114 1545 188 1605 riae
206 1543 381 1624 exemplum
398 1542 620 1624 augustissimi
638 1545 685 1606 sui
705 1540 865 1607 Genitoris
891 1544 1060 1607 occasione
1079 1546 1239 1607 matrimo-

108 1651 158 1711 nii
184 1651 271 1711 mixti
299 1652 381 1712 inter
396 1650 570 1712 Emericum
591 1649 774 1713 Gombos'et
799 1650 997 1714 catharinam
1013 1651 1154 1745 Saepcsy
1180 1668 1234 1731 per

109 1753 352 1821 Resolutionem
389 1757 426 1818 ad
456 1759 523 1820 cius
548 1757 700 1838 temporis
726 1756 882 1822 vicarium
908 1759 1157 1842 strigoniensem
1183 1758 1236 1820 22.

108 1861 186 1927 Maii
206 1864 300 1928 1819.
320 1863 423 1926 datum
440 1873 595 1937 secutura,
614 1865 812 1928 Auctoritate
830 1884 895 1938 sua,
914 1885 974 1947 qua
992 1873 1145 1945 tamquam
1161 1865 1228 1928 lieri

108 1971 316 2052 Apostolicus
333 1973 457 2049 gaudet,
476 1973 555 2036 malo
571 1973 653 2047 baie,
666 1980 769 2035 totam
786 1975 845 2035 iam
862 1990 921 2053 qua
950 1973 1013 2034 late
1029 1979 1112 2052 patet
1130 1971 1230 2036 Euro·

113 2097 184 2158 pam
201 2079 366 2142 inundanti
384 2089 550 2152 occurrat,
577 2084 637 2143 imo
655 2080 685 2142 id
703 2081 735 2143 in
751 2079 856 2143 radice
875 2098 929 2143 sua
947 2080 1088 2143 sufferat.
1101 2078 1137 2152 *l
1154 2079 1237 2140 Tan-

118 2194 180 2249 tam
198 2186 288 2249 abest
304 2194 416 2258 tamen,
435 2183 543 2250 ut'lmc
560 2205 632 2268 spes
649 2195 780 2251 nostrae
797 2194 827 2250 ct
844 2186 967 2262 fiducia,
986 2205 1077 2268 quam
1089 2188 1119 2248 in
1136 2185 1236 2248 Maie·
1300 2180 1304 2184 ’

115 2299 197 2354 state
215 2290 277 2354 Vra
294 2299 354 2353 tam
372 2296 484 2356 merito
502 2293 686 2370 locavimus,
704 2298 735 2358 in
754 2293 899 2356 ellectum
918 2293 1063 2364 abierint,
1081 2301 1114 2355 ut
1130 2294 1233 2372 potius

118 2401 206 2481 ipsas
223 2398 396 2480 Regiminis
422 2399 492 2480 Maj.
515 2400 597 2462 Vrae
614 2402 674 2463 boc
695 2402 724 2464 in
742 2389 870 2483 negotio
897 2399 996 2464 editas
1014 2381 1236 2482 dispositiones

112 2503 178 2569 ceu'
197 2505 326 2594 'totidem
354 2507 533 2586 gravamina
560 2514 705 2587 spectare
732 2508 912 2571 debeamus.
947 2507 979 2569 ln
1006 2507 1235 2572 Pacifioationis

112 2603 332 2689 Lincensisde
350 2633 399 2675 an.
420 2613 515 2676 1645.
533 2622 649 2694 puncto
661 2617 689 2675 5.
707 2616 736 2678 id
749 2617 946 2679 continetur:
963 2619 999 2678 ut
1015 2623 1125 2695 contra
1138 2632 1236 2694 prae-

111 2725 308 2784 varicatores
326 2722 429 2802 legum
446 2704 722 2803 religionariarum
740 2724 770 2786 in
788 2723 939 2805 proximis
950 2719 1088 2784 comitiis
1108 2720 1234 2783 vellle-

112 2836 234 2891 cretum
252 2827 300 2890 Vl.
317 2828 467 2891 Uladislai
485 2847 552 2909 cap.
571 2827 601 2890 8.
620 2837 802 2907 renovetur,
829 2829 879 2892 vel
897 2830 955 2893 alia
974 2845 1115 2912 congrua
1131 2844 1233 2908 poena

109 2936 303 2999 decernatur
320 2944 351 2997 ct
376 2937 406 2997 in
432 2936 576 2999 ellectum
594 2939 686 3000 etiam
704 2938 896 3015 deducatur3
923 2940 981 3001 bac
997 2939 1121 3001 ratione
1138 2942 1229 2999 enata

182 3180 215 3246 ⁸⁸)
230 3183 364 3235 Resolutio
375 3183 457 3251 Regia
476 3183 509 3234 ad
526 3183 658 3234 Vioarium
673 3183 881 3250 strigoniensem
901 3183 942 3234 dd.
954 3178 1002 3234 22.
1030 3182 1137 3234 ianuar.
1154 3179 1232 3231 1819.

107 3277 150 3326 ria
165 3272 363 3324 Praesidialium
378 3272 537 3324 Cancellarii
548 3252 742 3339 liegiidimissa
752 3273 885 3340 sequentis
896 3278 935 3324 est
947 3272 1060 3322 tenoris:
1078 3269 1231 3334 „illustris-

107 3366 174 3415 sime
194 3370 243 3414 etc.
264 3361 291 3412 ln
305 3361 397 3412 ordine
410 3362 442 3412 ad
464 3364 569 3428 petitam
583 3377 629 3430 per
642 3361 791 3414 Emericum
806 3360 917 3412 (lembos
928 3362 954 3411 in
974 3367 1067 3426 quarto
1082 3358 1165 3426 gradu
1179 3360 1232 3408 im-

107 3453 171 3520 ped.
179 3452 413 3518 consanguinitatis
424 3452 644 3518 dispensationem
659 3453 709 3504 sua
721 3439 841 3504 Maiestas
852 3448 1131 3505 ssmaillustrissimae
1141 3446 1233 3499 DVrtte
1276 3439 1285 3458 ⁶

107 3552 162 3593 tam
177 3545 210 3592 ob
234 3541 388 3607 denegatam
408 3550 496 3593 contra
511 3543 585 3608 leges
609 3542 693 3594 eidem
708 3539 830 3606 Emericc
848 3539 959 3592 Gcmbos
972 3539 1192 3606 dispensationem
1206 3539 1233 3602 in
1336 3572 1343 3581 ,

107 3633 297 3700 praeexposito
312 3639 403 3696 quarto
418 3632 501 3696 gradu
516 3634 577 3698 imp.
593 3645 735 3697 consangu.
751 3645 827 3697 quam
838 3629 871 3680 cb
886 3644 1020 3682 recursum
1031 3627 1056 3677 in
1069 3628 1119 3679 hoc
1129 3627 1235 3679 obiecto

107 3722 141 3773 ad
155 3721 285 3770 Nuncium
299 3721 476 3786 Apostolieum
501 3719 631 3774 directum
651 3721 728 3772 Suam
742 3719 902 3770 Altisslntam
918 3716 1110 3785 displicentiam
1124 3715 1232 3781 Regiam

107 3809 321 3878 significandam,
335 3800 465 3877 simulque
479 3808 569 3861 lllmae
580 3808 672 3862 DVrae
683 3811 752 3861 serio
765 3807 957 3874 iniungendum
968 3807 1113 3858 clementer
1126 3805 1234 3871 praeci·

107 3914 175 3967 pere
185 3898 290 3964 dignata
304 3907 362 3949 est:
383 3906 410 3948 ut
425 3899 570 3964 praelatam
581 3892 802 3966 dispensationem
816 3896 925 3949 indilate
939 3896 1089 3962 elargiatur.
1111 3893 1232 3947 Ceterum
1294 3933 1298 3940 .
1324 3898 1329 3904 “

110 3990 162 4042 Sua
178 3987 300 4045 Maiestas
313 3987 391 4038 SSma
404 3986 494 4041 lllmae
509 3987 601 4040 DVrae
614 3996 640 4040 et
652 3988 677 4039 id
687 3988 831 4055 significavi
847 3987 938 4051 iussit,
954 3993 997 4050 ut,
1010 3985 1032 4036 si
1051 3984 1114 4036 huic
1133 3983 1234 4035 altissi-

109 4081 190 4149 simae
204 4078 361 4130 ordinationi
375 4079 543 4144 satisfacere,
559 4095 589 4130 ac
611 4079 771 4148 generaliter
784 4077 999 4145 dispositionibus
1013 4077 1105 4144 Regiis
1126 4075 1151 4126 in
1174 4074 1228 4130 Pu·
1310 4116 1317 4125 .

108 4162 393 4219 blico-Ecclesiasticis
408 4184 508 4219 morem
531 4183 625 4235 gerere
647 4184 723 4234 posse
737 4169 836 4236 absque
859 4169 885 4220 vi
899 4167 1076 4220 conscientiae
1095 4166 1231 4218 inferenda

110 4253 178 4306 baud
191 4252 371 4320 arbitraretur,
391 4255 466 4307 lllma
486 4256 561 4309 DVra
576 4273 694 4324 congrua
714 4257 799 4310 media
825 4256 857 4308 ad
878 4255 1030 4307 salvandam
1044 4254 1230 4307 conscientiam

109 4358 181 4396 suam
192 4343 216 4395 si
228 4358 278 4395 non
293 4345 381 4410 aliter,
393 4361 441 4412 per
450 4345 531 4398 cilicii
541 4350 580 4398 sui
593 4348 796 4413 resignationem
811 4336 1002 4413 exuperantiam
1015 4347 1134 4413 arripiat.
1148 4345 1230 4396 Vien-

109 4447 170 4499 nae,
185 4434 228 4486 22.
244 4432 302 4485 Jan.
319 4434 421 4485 1819.“
