2798 4852
571 235 826 357 ...ooo-

144 505 214 551 rum
240 488 273 550 in
291 481 511 549 conformitate
535 479 672 562 benigne
698 494 834 559 cupere.
858 485 892 540 ut
912 477 1010 542 vitata
1027 478 1114 544 omni
1128 481 1249 562 impert-

144 594 228 656 tivae
245 591 328 676 legis
347 588 555 673 dispositione
572 586 611 649 dc
627 585 832 668 religionaria
847 584 982 667 prolium
998 603 1016 647 e
1034 587 1142 650 mixtis
1157 589 1249 650 matri·

33 758 39 766 .
141 701 254 766 moniis
270 699 501 763 nasciturorum
519 678 707 758 educatione
723 711 781 775 per
798 694 936 773 privatas
948 699 1057 755 mutuo
1073 694 1175 758 libero
1189 709 1250 757 con·

143 823 242 871 sensu
265 805 419 869 ineundas
445 805 581 885 scriptas
608 807 661 864 aut
677 799 781 863 orales
800 802 1031 864 conventiones
1048 808 1206 880 statuere,
1220 799 1249 862 ad

105 968 108 973 .
140 913 227 998 ipsos
253 910 431 977 huiusmodi
449 910 644 975 matrimonia
661 907 897 994 contrahentes·
904 907 1082 988 pertineat,
1098 909 1250 988 taliumque

140 1021 331 1104 privatarum
348 1021 408 1082 hoc
425 1018 456 1079 io
473 1033 594 1101 genere
611 1014 844 1096 stipulationum
862 1014 1066 1079 observantia
1084 1013 1248 1079 eorumden

141 1125 392 1191 contrahentium
419 1126 523 1188 bonae
547 1119 620 1185 fidei
645 1120 770 1202 penitus
790 1117 1008 1202 relinquatur,
1027 1122 1103 1203 quin
1119 1120 1207 1184 iidem
1220 1118 1250 1182 ad

139 1238 262 1298 mutuae
288 1230 465 1295 huiusmodi
491 1227 670 1312 sponsionis
696 1245 772 1291 suae
800 1228 1031 1308 implementum
1048 1231 1100 1291 via
1117 1229 1249 1293 iurisant

139 1338 268 1422 politica
294 1341 366 1420 cogi
392 1335 521 1418 possint.

231 1446 306 1507 Cum
332 1441 438 1526 itaque
463 1443 648 1526 provisione
673 1440 732 1509 hac
758 1442 919 1522 quibusvis
944 1450 1005 1506 tam
1024 1461 1042 1506 e
1059 1444 1248 1526 praeceptiva

137 1551 213 1637 lege
243 1549 433 1630 profluxuris
467 1548 688 1622 incommodis.
723 1566 813 1631 quam
846 1548 937 1613 etiam
971 1549 1180 1613 manifestatis
1207 1564 1251 1630 per

139 1655 289 1721 Dominos
306 1656 412 1721 Status
429 1663 461 1720 et
471 1653 534 1719 00.
546 1655 650 1738 quoad
665 1655 871 1719 ineundorum
886 1657 918 1718 in
934 1656 1029 1720 toties
1046 1657 1111 1720 lata
1128 1657 1248 1740 benigna

137 1762 344 1827 Resolutione
372 1769 557 1825 attactarnm
582 1761 816 1842 stipulationum
837 1760 971 1826 indolem
989 1768 1022 1826 et
1040 1763 1187 1845 sequelas
1202 1780 1249 1824 an-

114 1925 117 1930 .
137 1869 308 1934 rietatibas
326 1867 554 1933 occurrendum
571 1869 633 1932 sit·
656 1868 748 1933 Suam
765 1867 962 1932 Maiestatem
984 1868 1115 1936 SSmam
1131 1869 1251 1951 benigno

138 1975 341 2039 desiderare.
365 1984 399 2040 ut
415 1977 603 2040 substratum
619 1976 700 2058 legis
723 1972 896 2056 proiectum
912 1977 1098 2059 praemissis
1115 1992 1250 2040 accomo-

137 2082 238 2161 datur,
255 2091 348 2164 atque
366 2085 413 2147 sic
429 2082 639 2147 modificatum
656 2102 725 2147 cum
741 2083 944 2147 ulterioribus
971 2084 1035 2147 buc
1052 2083 1251 2166 spectantibus

127 2192 371 2272 provisionibus
389 2186 556 2254 altissimae
574 2188 730 2254 sanctioni
747 2207 847 2273 ocyus
864 2191 1099 2256 substernatur.
1116 2191 1250 2262 Viennae.

138 2296 188 2363 dic
205 2298 259 2361 25.
276 2295 378 2362 Martii
397 2297 493 2361 1844.

655 2458 745 2532 dos.

133 2627 327 2685 Ruunciatio
345 2628 499 2685 Primatls
513 2630 545 2685 ln
559 2629 645 2686 Sess.
659 2630 711 2684 20.
731 2628 786 2685 dd.
799 2629 843 2686 11.
867 2627 933 2686 Jul.
953 2627 1045 2686 tata.
1060 2630 1103 2686 dc
1117 2644 1157 2687 eo
1168 2630 1250 2694 lacta,

71 2786 74 2791 Ι
134 2717 221 2787 quod
245 2717 449 2774 Resolutionl
470 2718 592 2788 Regiae
617 2734 645 2774 a.
668 2719 758 2774 1843.
782 2719 899 2786 editae,
913 2719 1252 2791 etRepraesentatioul

134 2808 282 2863 statuum
295 2807 398 2876 Regni
409 2808 515 2879 quoad
525 2809 795 2864 manutenendum
805 2811 988 2880 proiectum
1002 2810 1090 2881 legis
1101 2825 1252 2870 assensor!

454 2913 548 2954 suum
570 2898 728 2969 praebere
747 2914 810 2955 non
823 2900 939 2970 possit.

220 3042 349 3108 Solenni
365 3044 425 3106 hae
452 3047 622 3108 occasione
648 3046 856 3112 intermittere
873 3064 1001 3127 nequeo
1014 3033 1119 3130 ,quin
1138 3066 1250 3114 sensum

132 3167 233 3212 meum
251 3152 354 3231 quoad
375 3156 530 3234 praesens
555 3155 699 3216 meritum
715 3154 905 3236 depromam.
930 3156 1001 3220 Non
1019 3155 1151 3233 dubito,
1173 3156 1251 3220 Suam

131 3255 328 3337 Majestatam
355 3256 394 3317 ad
418 3258 572 3321 edendam
598 3260 678 3322 banc
703 3259 941 3325 Resolutionem
967 3262 1124 3327 duntaxat
1140 3266 1250 3327 sincero

130 3358 186 3421 illo
203 3368 234 3422 et
252 3362 381 3426 excelso
401 3365 518 3427 motivo
537 3364 659 3428 ductam
677 3367 796 3445 luisse,
822 3374 856 3431 ut
873 3371 945 3432 unio
963 3350 1048 3433 inter
1067 3370 1248 3434 diversarum

130 3464 372 3563 confessionum
389 3470 477 3532 cives
495 3472 599 3552 quoad
615 3471 789 3536 relationes
806 3476 973 3538 mixtorum
991 3479 1247 3542 matrimoniorum

131 3575 394 3650 opportunissimo
412 3583 602 3656 procuretur
624 3578 723 3643 modo.
749 3581 791 3642 m
805 3583 965 3646 assecutio
982 3587 1076 3666 scopi
1094 3585 1183 3649 huius
1197 3587 1245 3646 iam

24 3697 26 3701 ·
129 3693 171 3738 ex
187 3676 255 3758 ipsa
271 3681 318 3741 rei
344 3687 455 3744 natura
483 3682 645 3747 admodum
663 3684 798 3749 difficilis
817 3695 885 3750 est:
908 3695 940 3749 et
958 3707 1083 3771 negare
1101 3709 1162 3755 non
1176 3675 1240 3770 pos-

128 3799 205 3860 sum,
222 3783 457 3850 Resolutionem
473 3786 614 3871 Regiam,
631 3808 692 3869 qua
710 3798 800 3874 parte
817 3795 1001 3874 parentibus
1019 3797 1183 3860 catholicis
1196 3810 1241 3878 per

128 3891 231 3971 legem
249 3893 367 3955 admitti
391 3897 556 3976 proponit,
583 3904 616 3959 ut
633 3898 672 3959 ad
695 3899 912 3964 educationem
929 3902 1065 3980 prolium
1084 3920 1201 3968 suarum
1215 3899 1238 3960 it
1292 3934 1294 3969 t

129 3992 190 4058 alia
207 4015 294 4077 quam
312 4001 466 4063 catholica
486 4000 547 4063 fide
573 4021 607 4064 se
625 4005 768 4087 obligare
793 4010 935 4086 possint,
952 4010 1120 4091 principiis
1136 4009 1234 4073 Catio·

127 4099 208 4164 licae
239 4104 414 4187 Religionis
448 4109 549 4169 minus
575 4111 767 4174 conformem
800 4131 893 4186 esse,
919 4115 949 4176 ei
975 4117 1113 4197 proinde
1137 4118 1190 4178 hac
1210 4115 1233 4174 in

128 4214 216 4286 parte
233 4231 282 4273 me
300 4215 448 4276 assentiri
475 4215 555 4277 baud
573 4223 678 4295 posse.
704 4218 781 4281 llum
799 4222 841 4282 ita
860 4238 952 4283 sensa
970 4242 1040 4286 mea
1059 4227 1164 4288 intuitu
1178 4219 1229 4282 m·-

129 4311 292 4378 solutionis
309 4318 427 4401 Regiae
446 4339 493 4396 ea,
511 4340 571 4402 qua
590 4322 691 4397 decet,
712 4330 928 4390 conscientiae
945 4328 1098 4396 libertate
1115 4339 1144 4395 et
1158 4329 1228 4412 ptam

128 4435 195 4479 oum
215 4427 418 4489 veneratione
437 4429 588 4492 enuncio:
605 4433 745 4497 reticere
771 4453 901 4515 prorsus
919 4457 1064 4519 nequeo,
1080 4441 1226 4525 proiectum
