<?xml version="1.0" encoding="UTF-8"?>
<!DOCTYPE html PUBLIC "-//W3C//DTD XHTML 1.0 Transitional//EN"
    "http://www.w3.org/TR/xhtml1/DTD/xhtml1-transitional.dtd">
<html xmlns="http://www.w3.org/1999/xhtml" xml:lang="en" lang="en">
 <head>
  <title>
</title>
<meta http-equiv="Content-Type" content="text/html;charset=utf-8" />
  <meta name='ocr-system' content='tesseract 3.04.00' />
  <meta name='ocr-capabilities' content='ocr_page ocr_carea ocr_par ocr_line ocrx_word'/>
</head>
<body>
  <div class='ocr_page' id='page_1' title='image "./dematrimoniismi00roskgoog_0062.png"; bbox 0 0 2798 4852; ppageno 0'>
   <div class='ocr_carea' id='block_1_1' title="bbox 1153 237 1205 303">
    <p class='ocr_par' dir='ltr' id='par_1_1' title="bbox 1153 237 1205 303">
     <span class='ocr_line' id='line_1_1' title="bbox 1153 237 1205 303; baseline -0.019 0"><span class='ocrx_word' id='word_1_1' title='bbox 1153 237 1205 303; x_wconf 74' lang='lat' dir='ltr'><strong>tv</strong></span> 
     </span>
    </p>
   </div>
   <div class='ocr_carea' id='block_1_2' title="bbox 12 431 1226 1374">
    <p class='ocr_par' dir='ltr' id='par_1_2' title="bbox 188 431 1226 515">
     <span class='ocr_line' id='line_1_2' title="bbox 188 431 1226 515; baseline 0.001 -17"><span class='ocrx_word' id='word_1_2' title='bbox 188 433 259 499; x_wconf 81' lang='grc'><em>487.</em></span> <span class='ocrx_word' id='word_1_3' title='bbox 284 434 395 515; x_wconf 80' lang='lat' dir='ltr'><strong>Rriese</strong></span> <span class='ocrx_word' id='word_1_4' title='bbox 410 433 681 498; x_wconf 77' lang='lat' dir='ltr'><strong>atoeierd&#39;reucde</strong></span> <span class='ocrx_word' id='word_1_5' title='bbox 700 434 785 496; x_wconf 82' lang='lat' dir='ltr'><strong>eber</strong></span> <span class='ocrx_word' id='word_1_6' title='bbox 810 434 861 497; x_wconf 85' lang='lat' dir='ltr'><strong>die</strong></span> <span class='ocrx_word' id='word_1_7' title='bbox 879 433 998 497; x_wconf 78' lang='lat' dir='ltr'><strong>Motion</strong></span> <span class='ocrx_word' id='word_1_8' title='bbox 1015 435 1070 496; x_wconf 83' lang='lat' dir='ltr'><strong>dea</strong></span> <span class='ocrx_word' id='word_1_9' title='bbox 1095 431 1226 500; x_wconf 78' lang='lat' dir='ltr'><strong>sucu.-</strong></span> 
     </span>
    </p>

    <p class='ocr_par' dir='ltr' id='par_1_3' title="bbox 91 539 1204 948">
     <span class='ocr_line' id='line_1_3' title="bbox 94 539 1202 626; baseline -0.001 -21"><span class='ocrx_word' id='word_1_10' title='bbox 94 562 118 605; x_wconf 90' lang='lat' dir='ltr'><strong>o.</strong></span> <span class='ocrx_word' id='word_1_11' title='bbox 140 542 270 606; x_wconf 72' lang='lat' dir='ltr'><strong>musac.</strong></span> <span class='ocrx_word' id='word_1_12' title='bbox 296 543 461 626; x_wconf 74' lang='lat' dir='ltr'><strong>Strotport.</strong></span> <span class='ocrx_word' id='word_1_13' title='bbox 486 541 578 604; x_wconf 77' lang='lat' dir='ltr'><strong>lata.</strong></span> <span class='ocrx_word' id='word_1_14' title='bbox 606 539 773 605; x_wconf 80' lang='lat' dir='ltr'><strong>mutandae</strong></span> <span class='ocrx_word' id='word_1_15' title='bbox 796 543 904 621; x_wconf 78' lang='lat' dir='ltr'><strong>praxis</strong></span> <span class='ocrx_word' id='word_1_16' title='bbox 931 559 994 606; x_wconf 90' lang='lat' dir='ltr'><strong>non</strong></span> <span class='ocrx_word' id='word_1_17' title='bbox 1019 539 1202 607; x_wconf 85' lang='lat' dir='ltr'><strong>subversari</strong></span> 
     </span>
     <span class='ocr_line' id='line_1_4' title="bbox 94 646 1204 732; baseline 0.002 -22"><span class='ocrx_word' id='word_1_18' title='bbox 94 667 203 712; x_wconf 89' lang='lat' dir='ltr'><strong>causum</strong></span> <span class='ocrx_word' id='word_1_19' title='bbox 226 650 287 728; x_wconf 89' lang='lat' dir='ltr'><strong>ait,</strong></span> <span class='ocrx_word' id='word_1_20' title='bbox 311 649 464 732; x_wconf 88' lang='lat' dir='ltr'><strong>siquidem</strong></span> <span class='ocrx_word' id='word_1_21' title='bbox 491 648 544 711; x_wconf 88' lang='lat' dir='ltr'><strong>lex</strong></span> <span class='ocrx_word' id='word_1_22' title='bbox 570 646 673 712; x_wconf 83' lang='lat' dir='ltr'><strong>divina</strong></span> <span class='ocrx_word' id='word_1_23' title='bbox 698 646 780 712; x_wconf 86' lang='lat' dir='ltr'><strong>baud</strong></span> <span class='ocrx_word' id='word_1_24' title='bbox 806 655 891 712; x_wconf 88' lang='lat' dir='ltr'><strong>vetat</strong></span> <span class='ocrx_word' id='word_1_25' title='bbox 914 655 1002 714; x_wconf 89' lang='lat' dir='ltr'><strong>matr.</strong></span> <span class='ocrx_word' id='word_1_26' title='bbox 1030 652 1147 724; x_wconf 87' lang='lat' dir='ltr'><strong>mixta,</strong></span> <span class='ocrx_word' id='word_1_27' title='bbox 1171 655 1204 712; x_wconf 92' lang='lat' dir='ltr'><strong>et</strong></span> 
     </span>
     <span class='ocr_line' id='line_1_5' title="bbox 91 754 1204 840; baseline 0.001 -21"><span class='ocrx_word' id='word_1_28' title='bbox 91 760 149 840; x_wconf 91' lang='lat' dir='ltr'><strong>ipse</strong></span> <span class='ocrx_word' id='word_1_29' title='bbox 170 757 272 840; x_wconf 86' lang='lat' dir='ltr'><strong>Eppus</strong></span> <span class='ocrx_word' id='word_1_30' title='bbox 306 757 430 822; x_wconf 85' lang='lat' dir='ltr'><strong>Clerum</strong></span> <span class='ocrx_word' id='word_1_31' title='bbox 461 773 549 820; x_wconf 92' lang='lat' dir='ltr'><strong>suum</strong></span> <span class='ocrx_word' id='word_1_32' title='bbox 577 755 777 819; x_wconf 84' lang='lat' dir='ltr'><strong>antehacad</strong></span> <span class='ocrx_word' id='word_1_33' title='bbox 804 755 1019 821; x_wconf 89' lang='lat' dir='ltr'><strong>benedicenda</strong></span> <span class='ocrx_word' id='word_1_34' title='bbox 1050 754 1204 823; x_wconf 87' lang='lat' dir='ltr'><strong>eiusmodi</strong></span> 
     </span>
     <span class='ocr_line' id='line_1_6' title="bbox 91 852 418 948; baseline 0 -22"><span class='ocrx_word' id='word_1_35' title='bbox 91 866 223 948; x_wconf 78' lang='lat' dir='ltr'><strong>coniugia</strong></span> <span class='ocrx_word' id='word_1_36' title='bbox 238 852 418 946; x_wconf 73' lang='lat' dir='ltr'><strong>insinuarit.</strong></span> 
     </span>
    </p>

    <p class='ocr_par' dir='ltr' id='par_1_4' title="bbox 12 968 1201 1374">
     <span class='ocr_line' id='line_1_7' title="bbox 181 968 1200 1054; baseline 0.002 -20"><span class='ocrx_word' id='word_1_37' title='bbox 181 968 257 1034; x_wconf 65' lang='grc'><em>4881</em></span> <span class='ocrx_word' id='word_1_38' title='bbox 285 969 345 1034; x_wconf 79' lang='lat' dir='ltr'><strong>Die</strong></span> <span class='ocrx_word' id='word_1_39' title='bbox 370 969 585 1033; x_wconf 79' lang='lat' dir='ltr'><strong>Protealonteu</strong></span> <span class='ocrx_word' id='word_1_40' title='bbox 600 971 668 1032; x_wconf 81' lang='lat' dir='ltr'><strong>und</strong></span> <span class='ocrx_word' id='word_1_41' title='bbox 691 969 878 1033; x_wconf 71' lang='lat' dir='ltr'><strong>liotbcliken</strong></span> <span class='ocrx_word' id='word_1_42' title='bbox 907 973 942 1034; x_wconf 83' lang='lat' dir='ltr'><strong>in</strong></span> <span class='ocrx_word' id='word_1_43' title='bbox 973 971 1200 1054; x_wconf 74' lang='lat' dir='ltr'><strong>Watrlemberp.</strong></span> 
     </span>
     <span class='ocr_line' id='line_1_8' title="bbox 88 1076 1201 1160; baseline 0.003 -19"><span class='ocrx_word' id='word_1_44' title='bbox 88 1077 247 1160; x_wconf 65' lang='lat' dir='ltr'><strong>lubiadem.</strong></span> <span class='ocrx_word' id='word_1_45' title='bbox 268 1077 364 1142; x_wconf 81' lang='grc'><em>1842.</em></span> <span class='ocrx_word' id='word_1_46' title='bbox 390 1083 479 1140; x_wconf 87' lang='lat' dir='ltr'><strong>matr.</strong></span> <span class='ocrx_word' id='word_1_47' title='bbox 499 1077 593 1141; x_wconf 88' lang='lat' dir='ltr'><strong>mixta</strong></span> <span class='ocrx_word' id='word_1_48' title='bbox 610 1076 787 1143; x_wconf 84' lang='lat' dir='ltr'><strong>omnimode</strong></span> <span class='ocrx_word' id='word_1_49' title='bbox 804 1083 930 1152; x_wconf 88' lang='lat' dir='ltr'><strong>tuetur,</strong></span> <span class='ocrx_word' id='word_1_50' title='bbox 947 1083 980 1141; x_wconf 88' lang='lat' dir='ltr'><strong>et</strong></span> <span class='ocrx_word' id='word_1_51' title='bbox 996 1079 1201 1152; x_wconf 86' lang='lat' dir='ltr'><strong>commendat,</strong></span> 
     </span>
     <span class='ocr_line' id='line_1_9' title="bbox 12 1183 1200 1266; baseline 0.003 -20"><span class='ocrx_word' id='word_1_52' title='bbox 12 1226 16 1231; x_wconf 61' lang='lat'><em>›</em></span> <span class='ocrx_word' id='word_1_53' title='bbox 84 1183 222 1266; x_wconf 83' lang='lat' dir='ltr'><strong>prolesne</strong></span> <span class='ocrx_word' id='word_1_54' title='bbox 238 1200 365 1264; x_wconf 89' lang='lat' dir='ltr'><strong>semper</strong></span> <span class='ocrx_word' id='word_1_55' title='bbox 381 1184 412 1247; x_wconf 92' lang='lat' dir='ltr'><strong>in</strong></span> <span class='ocrx_word' id='word_1_56' title='bbox 439 1184 596 1265; x_wconf 83' lang='lat' dir='ltr'><strong>religione</strong></span> <span class='ocrx_word' id='word_1_57' title='bbox 623 1183 719 1263; x_wconf 86' lang='lat' dir='ltr'><strong>patris</strong></span> <span class='ocrx_word' id='word_1_58' title='bbox 746 1184 945 1262; x_wconf 84' lang='lat' dir='ltr'><strong>educandas,</strong></span> <span class='ocrx_word' id='word_1_59' title='bbox 970 1185 1200 1266; x_wconf 88' lang='lat' dir='ltr'><strong>copulationem</strong></span> 
     </span>
     <span class='ocr_line' id='line_1_10' title="bbox 83 1291 1001 1374; baseline -0.001 -21"><span class='ocrx_word' id='word_1_60' title='bbox 83 1298 178 1355; x_wconf 87' lang='lat' dir='ltr'><strong>autem</strong></span> <span class='ocrx_word' id='word_1_61' title='bbox 194 1309 252 1372; x_wconf 88' lang='lat' dir='ltr'><strong>per</strong></span> <span class='ocrx_word' id='word_1_62' title='bbox 268 1291 381 1374; x_wconf 83' lang='lat' dir='ltr'><strong>sponsi</strong></span> <span class='ocrx_word' id='word_1_63' title='bbox 398 1291 572 1354; x_wconf 92' lang='lat' dir='ltr'><strong>ministrum</strong></span> <span class='ocrx_word' id='word_1_64' title='bbox 589 1291 818 1374; x_wconf 89' lang='lat' dir='ltr'><strong>suscipiendam</strong></span> <span class='ocrx_word' id='word_1_65' title='bbox 835 1293 1001 1374; x_wconf 87' lang='lat' dir='ltr'><strong>proiectat.</strong></span> 
     </span>
    </p>
   </div>
   <div class='ocr_carea' id='block_1_3' title="bbox 179 1371 1367 1482">
    <p class='ocr_par' dir='ltr' id='par_1_5' title="bbox 179 1371 1367 1482">
     <span class='ocr_line' id='line_1_11' title="bbox 179 1371 1367 1482; baseline -0.002 -21"><span class='ocrx_word' id='word_1_66' title='bbox 179 1398 255 1461; x_wconf 85' lang='grc'><em>489.</em></span> <span class='ocrx_word' id='word_1_67' title='bbox 279 1399 407 1462; x_wconf 77' lang='lat' dir='ltr'><strong>stimme</strong></span> <span class='ocrx_word' id='word_1_68' title='bbox 430 1402 518 1461; x_wconf 84' lang='lat' dir='ltr'><strong>eines</strong></span> <span class='ocrx_word' id='word_1_69' title='bbox 535 1399 772 1479; x_wconf 79' lang='lat' dir='ltr'><strong>dbpeordneten</strong></span> <span class='ocrx_word' id='word_1_70' title='bbox 795 1401 830 1461; x_wconf 83' lang='lat' dir='ltr'><strong>io</strong></span> <span class='ocrx_word' id='word_1_71' title='bbox 850 1397 971 1481; x_wconf 74' lang='lat' dir='ltr'><strong>Betreff</strong></span> <span class='ocrx_word' id='word_1_72' title='bbox 991 1399 1200 1482; x_wconf 62' lang='grc'><em>(1111414119-</em></span> <span class='ocrx_word' id='word_1_73' title='bbox 1295 1397 1299 1403; x_wconf 83' lang='grc'><em>’</em></span> <span class='ocrx_word' id='word_1_74' title='bbox 1361 1371 1367 1447; x_wconf 54' lang='lat' dir='ltr'>J</span> 
     </span>
    </p>
   </div>
   <div class='ocr_carea' id='block_1_4' title="bbox 69 1494 1254 2449">
    <p class='ocr_par' dir='ltr' id='par_1_6' title="bbox 72 1494 1211 1921">
     <span class='ocr_line' id='line_1_12' title="bbox 76 1494 1199 1589; baseline 0 -20"><span class='ocrx_word' id='word_1_75' title='bbox 76 1494 163 1588; x_wconf 75' lang='lat' dir='ltr'><strong>neap</strong></span> <span class='ocrx_word' id='word_1_76' title='bbox 184 1508 373 1589; x_wconf 77' lang='lat' dir='ltr'><strong>peiniacbter</strong></span> <span class='ocrx_word' id='word_1_77' title='bbox 397 1506 485 1569; x_wconf 81' lang='lat' dir='ltr'><strong>Eleo</strong></span> <span class='ocrx_word' id='word_1_78' title='bbox 509 1509 544 1568; x_wconf 84' lang='lat' dir='ltr'><strong>in</strong></span> <span class='ocrx_word' id='word_1_79' title='bbox 574 1505 801 1588; x_wconf 81' lang='lat' dir='ltr'><strong>Wa&#39;trtemberp.</strong></span> <span class='ocrx_word' id='word_1_80' title='bbox 827 1508 987 1587; x_wconf 79' lang='lat' dir='ltr'><strong>Stullporl.</strong></span> <span class='ocrx_word' id='word_1_81' title='bbox 1021 1506 1114 1572; x_wconf 85' lang='grc'><em>1842.</em></span> <span class='ocrx_word' id='word_1_82' title='bbox 1140 1506 1199 1570; x_wconf 78' lang='lat' dir='ltr'><strong>ad-</strong></span> 
     </span>
     <span class='ocr_line' id='line_1_13' title="bbox 75 1613 1196 1695; baseline 0.004 -17"><span class='ocrx_word' id='word_1_83' title='bbox 75 1617 185 1678; x_wconf 79' lang='lat' dir='ltr'><strong>struit:</strong></span> <span class='ocrx_word' id='word_1_84' title='bbox 209 1613 278 1680; x_wconf 88' lang='lat' dir='ltr'><strong>sola</strong></span> <span class='ocrx_word' id='word_1_85' title='bbox 294 1613 518 1695; x_wconf 79' lang='lat' dir='ltr'><strong>reprobatione</strong></span> <span class='ocrx_word' id='word_1_86' title='bbox 545 1621 633 1678; x_wconf 86' lang='lat' dir='ltr'><strong>matr.</strong></span> <span class='ocrx_word' id='word_1_87' title='bbox 653 1616 817 1677; x_wconf 84' lang='lat' dir='ltr'><strong>mixtorum</strong></span> <span class='ocrx_word' id='word_1_88' title='bbox 844 1614 979 1678; x_wconf 92' lang='lat' dir='ltr'><strong>nondum</strong></span> <span class='ocrx_word' id='word_1_89' title='bbox 1005 1614 1128 1679; x_wconf 84' lang='lat' dir='ltr'><strong>fundari</strong></span> <span class='ocrx_word' id='word_1_90' title='bbox 1145 1618 1196 1683; x_wconf 85' lang='lat' dir='ltr'><strong>ius</strong></span> 
     </span>
     <span class='ocr_line' id='line_1_14' title="bbox 73 1720 1197 1804; baseline -0.003 -18"><span class='ocrx_word' id='word_1_91' title='bbox 73 1722 257 1802; x_wconf 85' lang='lat' dir='ltr'><strong>Ecclesiae,</strong></span> <span class='ocrx_word' id='word_1_92' title='bbox 282 1721 530 1786; x_wconf 79' lang='lat' dir='ltr'><strong>benedictionem</strong></span> <span class='ocrx_word' id='word_1_93' title='bbox 556 1720 752 1804; x_wconf 77' lang='lat' dir='ltr'><strong>denegandi,</strong></span> <span class='ocrx_word' id='word_1_94' title='bbox 777 1738 877 1804; x_wconf 89' lang='lat' dir='ltr'><strong>eoque</strong></span> <span class='ocrx_word' id='word_1_95' title='bbox 902 1724 970 1804; x_wconf 87' lang='lat' dir='ltr'><strong>ipso</strong></span> <span class='ocrx_word' id='word_1_96' title='bbox 990 1721 1094 1804; x_wconf 74' lang='lat' dir='ltr'><strong>legem</strong></span> <span class='ocrx_word' id='word_1_97' title='bbox 1111 1723 1197 1786; x_wconf 87' lang='lat' dir='ltr'><strong>civi·</strong></span> 
     </span>
     <span class='ocr_line' id='line_1_15' title="bbox 72 1827 1211 1921; baseline 0 -29"><span class='ocrx_word' id='word_1_98' title='bbox 72 1829 152 1909; x_wconf 87' lang='lat' dir='ltr'><strong>lem,</strong></span> <span class='ocrx_word' id='word_1_99' title='bbox 179 1848 259 1912; x_wconf 86' lang='lat' dir='ltr'><strong>quae</strong></span> <span class='ocrx_word' id='word_1_100' title='bbox 276 1829 529 1921; x_wconf 81' lang='lat' dir='ltr'><strong>benedictionem</strong></span> <span class='ocrx_word' id='word_1_101' title='bbox 546 1831 667 1911; x_wconf 85' lang='lat' dir='ltr'><strong>poscit,</strong></span> <span class='ocrx_word' id='word_1_102' title='bbox 693 1827 953 1893; x_wconf 90' lang='lat' dir='ltr'><strong>manutenendam</strong></span> <span class='ocrx_word' id='word_1_103' title='bbox 969 1829 1091 1894; x_wconf 80' lang='lat' dir='ltr'><strong>suadet.</strong></span> <span class='ocrx_word' id='word_1_104' title='bbox 1209 1896 1211 1903; x_wconf 71' lang='grc'>,</span> 
     </span>
    </p>

    <p class='ocr_par' dir='ltr' id='par_1_7' title="bbox 69 1936 1254 2449">
     <span class='ocr_line' id='line_1_16' title="bbox 179 1936 1197 2019; baseline 0.001 -19"><span class='ocrx_word' id='word_1_105' title='bbox 179 1937 255 2000; x_wconf 88' lang='grc'><strong>490.</strong></span> <span class='ocrx_word' id='word_1_106' title='bbox 286 1936 456 2017; x_wconf 79' lang='lat' dir='ltr'><strong>Vorscblop</strong></span> <span class='ocrx_word' id='word_1_107' title='bbox 482 1955 540 1998; x_wconf 81' lang='lat' dir='ltr'><strong>aar</strong></span> <span class='ocrx_word' id='word_1_108' title='bbox 571 1936 824 2018; x_wconf 79' lang='lat' dir='ltr'><strong>Verstdnde&#39;punp</strong></span> <span class='ocrx_word' id='word_1_109' title='bbox 847 1942 882 2000; x_wconf 83' lang='lat' dir='ltr'><strong>in</strong></span> <span class='ocrx_word' id='word_1_110' title='bbox 906 1937 1031 2001; x_wconf 75' lang='lat' dir='ltr'><strong>sosbers</strong></span> <span class='ocrx_word' id='word_1_111' title='bbox 1046 1939 1104 2001; x_wconf 84' lang='lat' dir='ltr'><strong>der</strong></span> <span class='ocrx_word' id='word_1_112' title='bbox 1117 1958 1197 2019; x_wconf 82' lang='lat' dir='ltr'><strong>pem.</strong></span> 
     </span>
     <span class='ocr_line' id='line_1_17' title="bbox 69 2030 1254 2126; baseline -0.001 -18"><span class='ocrx_word' id='word_1_113' title='bbox 69 2046 159 2110; x_wconf 73' lang='lat' dir='ltr'><strong>saec</strong></span> <span class='ocrx_word' id='word_1_114' title='bbox 185 2047 240 2108; x_wconf 81' lang='lat' dir='ltr'><strong>mit</strong></span> <span class='ocrx_word' id='word_1_115' title='bbox 265 2046 456 2108; x_wconf 79' lang='lat' dir='ltr'><strong>besonderer</strong></span> <span class='ocrx_word' id='word_1_116' title='bbox 481 2044 652 2108; x_wconf 66' lang='lat' dir='ltr'><strong>neclecti</strong></span> <span class='ocrx_word' id='word_1_117' title='bbox 687 2045 751 2123; x_wconf 75' lang='lat' dir='ltr'><strong>ces</strong></span> <span class='ocrx_word' id='word_1_118' title='bbox 774 2045 997 2125; x_wconf 79' lang='lat' dir='ltr'><strong>thrtemberp.</strong></span> <span class='ocrx_word' id='word_1_119' title='bbox 1031 2047 1197 2126; x_wconf 77' lang='lat' dir='ltr'><strong>Stuttport.</strong></span> <span class='ocrx_word' id='word_1_120' title='bbox 1250 2030 1254 2040; x_wconf 79' lang='grc'><em>’</em></span> 
     </span>
     <span class='ocr_line' id='line_1_18' title="bbox 69 2149 1196 2234; baseline 0 -18"><span class='ocrx_word' id='word_1_121' title='bbox 69 2152 164 2216; x_wconf 82' lang='grc'><em>1842.</em></span> <span class='ocrx_word' id='word_1_122' title='bbox 188 2154 322 2216; x_wconf 81' lang='lat' dir='ltr'><strong>inaximo</strong></span> <span class='ocrx_word' id='word_1_123' title='bbox 339 2158 452 2215; x_wconf 90' lang='lat' dir='ltr'><strong>eontra</strong></span> <span class='ocrx_word' id='word_1_124' title='bbox 468 2153 625 2234; x_wconf 89' lang='lat' dir='ltr'><strong>passivam</strong></span> <span class='ocrx_word' id='word_1_125' title='bbox 641 2153 850 2214; x_wconf 82' lang='lat' dir='ltr'><strong>assistentiam</strong></span> <span class='ocrx_word' id='word_1_126' title='bbox 867 2158 1010 2233; x_wconf 80' lang='lat' dir='ltr'><strong>pugnet:</strong></span> <span class='ocrx_word' id='word_1_127' title='bbox 1035 2158 1066 2214; x_wconf 94' lang='lat' dir='ltr'><strong>et</strong></span> <span class='ocrx_word' id='word_1_128' title='bbox 1083 2149 1196 2217; x_wconf 83' lang='lat' dir='ltr'><strong>delen-</strong></span> 
     </span>
     <span class='ocr_line' id='line_1_19' title="bbox 70 2257 1196 2343; baseline -0.005 -16"><span class='ocrx_word' id='word_1_129' title='bbox 70 2264 134 2335; x_wconf 90' lang='lat' dir='ltr'><strong>dit,</strong></span> <span class='ocrx_word' id='word_1_130' title='bbox 158 2277 253 2343; x_wconf 92' lang='lat' dir='ltr'><strong>posse</strong></span> <span class='ocrx_word' id='word_1_131' title='bbox 271 2259 389 2342; x_wconf 79' lang='lat' dir='ltr'><strong>lippum</strong></span> <span class='ocrx_word' id='word_1_132' title='bbox 405 2259 592 2342; x_wconf 80' lang='lat' dir='ltr'><strong>peculiarem</strong></span> <span class='ocrx_word' id='word_1_133' title='bbox 619 2259 746 2322; x_wconf 86' lang='lat' dir='ltr'><strong>formam</strong></span> <span class='ocrx_word' id='word_1_134' title='bbox 772 2257 981 2323; x_wconf 90' lang='lat' dir='ltr'><strong>benedicendi</strong></span> <span class='ocrx_word' id='word_1_135' title='bbox 996 2266 1083 2322; x_wconf 85' lang='lat' dir='ltr'><strong>matr.</strong></span> <span class='ocrx_word' id='word_1_136' title='bbox 1102 2260 1196 2324; x_wconf 84' lang='lat' dir='ltr'><strong>mixta</strong></span> 
     </span>
     <span class='ocr_line' id='line_1_20' title="bbox 69 2348 1196 2449; baseline 0 -18"><span class='ocrx_word' id='word_1_137' title='bbox 69 2348 220 2449; x_wconf 73' lang='lat' dir='ltr'><strong>adoptare</strong></span> <span class='ocrx_word' id='word_1_138' title='bbox 233 2367 324 2449; x_wconf 73' lang='lat' dir='ltr'><strong>juxa</strong></span> <span class='ocrx_word' id='word_1_139' title='bbox 339 2366 415 2432; x_wconf 84' lang='lat' dir='ltr'><strong>nruu</strong></span> <span class='ocrx_word' id='word_1_140' title='bbox 430 2367 589 2431; x_wconf 69' lang='lat' dir='ltr'><strong>aaronica</strong></span> <span class='ocrx_word' id='word_1_141' title='bbox 605 2364 685 2429; x_wconf 76' lang='lat' dir='ltr'><strong>xlv.</strong></span> <span class='ocrx_word' id='word_1_142' title='bbox 703 2366 756 2441; x_wconf 12' lang='lat' dir='ltr'><strong>ue*</strong></span> <span class='ocrx_word' id='word_1_143' title='bbox 769 2365 843 2447; x_wconf 74' lang='lat' dir='ltr'><strong>syn.</strong></span> <span class='ocrx_word' id='word_1_144' title='bbox 866 2366 971 2430; x_wconf 74' lang='lat' dir='ltr'><strong>rucco.</strong></span> <span class='ocrx_word' id='word_1_145' title='bbox 995 2367 1051 2430; x_wconf 76' lang='lat' dir='ltr'><strong>lio.</strong></span> <span class='ocrx_word' id='word_1_146' title='bbox 1069 2367 1099 2428; x_wconf 84' lang='lat' dir='ltr'><strong>c.</strong></span> <span class='ocrx_word' id='word_1_147' title='bbox 1111 2385 1139 2428; x_wconf 73' lang='grc' dir='ltr'><strong>ο.</strong></span> <span class='ocrx_word' id='word_1_148' title='bbox 1156 2369 1196 2432; x_wconf 70' lang='grc'><em>51</em></span> 
     </span>
    </p>
   </div>
   <div class='ocr_carea' id='block_1_5' title="bbox 61 2472 1308 2568">
    <p class='ocr_par' dir='ltr' id='par_1_8' title="bbox 61 2472 1308 2568">
     <span class='ocr_line' id='line_1_21' title="bbox 61 2472 1308 2568; baseline -0.003 -28"><span class='ocrx_word' id='word_1_149' title='bbox 61 2475 195 2568; x_wconf 55' lang='lat' dir='ltr'><strong>„Quare</strong></span> <span class='ocrx_word' id='word_1_150' title='bbox 216 2477 253 2539; x_wconf 86' lang='lat' dir='ltr'><strong>in</strong></span> <span class='ocrx_word' id='word_1_151' title='bbox 277 2477 314 2539; x_wconf 92' lang='lat' dir='ltr'><strong>iis</strong></span> <span class='ocrx_word' id='word_1_152' title='bbox 337 2475 437 2549; x_wconf 83' lang='lat' dir='ltr'><strong>locis,</strong></span> <span class='ocrx_word' id='word_1_153' title='bbox 461 2472 553 2555; x_wconf 81' lang='lat' dir='ltr'><strong>itque</strong></span> <span class='ocrx_word' id='word_1_154' title='bbox 578 2474 779 2555; x_wconf 81' lang='lat' dir='ltr'><strong>regionibus,</strong></span> <span class='ocrx_word' id='word_1_155' title='bbox 803 2474 855 2537; x_wconf 92' lang='lat' dir='ltr'><strong>ubi</strong></span> <span class='ocrx_word' id='word_1_156' title='bbox 881 2473 1059 2539; x_wconf 88' lang='lat' dir='ltr'><strong>huiusmodi</strong></span> <span class='ocrx_word' id='word_1_157' title='bbox 1084 2474 1196 2537; x_wconf 88' lang='lat' dir='ltr'><strong>matri·</strong></span> <span class='ocrx_word' id='word_1_158' title='bbox 1304 2499 1308 2503; x_wconf 94' lang='lat'>·</span> 
     </span>
    </p>
   </div>
   <div class='ocr_carea' id='block_1_6' title="bbox 68 2566 1274 4066">
    <p class='ocr_par' dir='ltr' id='par_1_9' title="bbox 68 2566 1196 2985">
     <span class='ocr_line' id='line_1_22' title="bbox 68 2566 1196 2665; baseline -0.003 -19"><span class='ocrx_word' id='word_1_159' title='bbox 68 2584 183 2648; x_wconf 54' lang='lat' dir='ltr'><strong>monia*</strong></span> <span class='ocrx_word' id='word_1_160' title='bbox 199 2581 366 2665; x_wconf 87' lang='lat' dir='ltr'><strong>aliquando</strong></span> <span class='ocrx_word' id='word_1_161' title='bbox 391 2581 534 2645; x_wconf 85' lang='lat' dir='ltr'><strong>contrabi</strong></span> <span class='ocrx_word' id='word_1_162' title='bbox 558 2584 800 2663; x_wconf 87' lang='lat' dir='ltr'><strong>permittuntur,</strong></span> <span class='ocrx_word' id='word_1_163' title='bbox 832 2581 959 2663; x_wconf 86' lang='lat' dir='ltr'><strong>expedit</strong></span> <span class='ocrx_word' id='word_1_164' title='bbox 982 2566 1128 2657; x_wconf 88' lang='lat' dir='ltr'><strong>omnino,</strong></span> <span class='ocrx_word' id='word_1_165' title='bbox 1163 2589 1196 2645; x_wconf 93' lang='lat' dir='ltr'><strong>ut</strong></span> 
     </span>
     <span class='ocr_line' id='line_1_23' title="bbox 69 2671 1193 2779; baseline -0.001 -27"><span class='ocrx_word' id='word_1_166' title='bbox 69 2671 245 2779; x_wconf 86' lang='lat' dir='ltr'><strong>Episcopus</strong></span> <span class='ocrx_word' id='word_1_167' title='bbox 272 2688 310 2752; x_wconf 90' lang='lat' dir='ltr'><strong>ad</strong></span> <span class='ocrx_word' id='word_1_168' title='bbox 336 2688 485 2753; x_wconf 92' lang='lat' dir='ltr'><strong>tuendum</strong></span> <span class='ocrx_word' id='word_1_169' title='bbox 509 2688 672 2753; x_wconf 88' lang='lat' dir='ltr'><strong>Ecclesiae</strong></span> <span class='ocrx_word' id='word_1_170' title='bbox 697 2687 845 2752; x_wconf 87' lang='lat' dir='ltr'><strong>decorem</strong></span> <span class='ocrx_word' id='word_1_171' title='bbox 868 2691 948 2752; x_wconf 91' lang='lat' dir='ltr'><strong>ritus</strong></span> <span class='ocrx_word' id='word_1_172' title='bbox 965 2689 997 2752; x_wconf 93' lang='lat' dir='ltr'><strong>in</strong></span> <span class='ocrx_word' id='word_1_173' title='bbox 1014 2688 1193 2753; x_wconf 89' lang='lat' dir='ltr'><strong>eorumdem</strong></span> 
     </span>
     <span class='ocr_line' id='line_1_24' title="bbox 70 2795 1192 2879; baseline 0.002 -20"><span class='ocrx_word' id='word_1_174' title='bbox 70 2796 298 2862; x_wconf 91' lang='lat' dir='ltr'><strong>connubiorum</strong></span> <span class='ocrx_word' id='word_1_175' title='bbox 324 2797 537 2861; x_wconf 87' lang='lat' dir='ltr'><strong>celebratione</strong></span> <span class='ocrx_word' id='word_1_176' title='bbox 564 2797 738 2861; x_wconf 88' lang='lat' dir='ltr'><strong>servandos</strong></span> <span class='ocrx_word' id='word_1_177' title='bbox 761 2804 940 2879; x_wconf 86' lang='lat' dir='ltr'><strong>opportune</strong></span> <span class='ocrx_word' id='word_1_178' title='bbox 955 2795 1192 2879; x_wconf 86' lang='lat' dir='ltr'><strong>prudenterque</strong></span> 
     </span>
     <span class='ocr_line' id='line_1_25' title="bbox 69 2891 359 2985; baseline -0.003 -17"><span class='ocrx_word' id='word_1_179' title='bbox 69 2891 298 2985; x_wconf 86' lang='lat' dir='ltr'><strong>praescribat.“</strong></span> <span class='ocrx_word' id='word_1_180' title='bbox 322 2903 359 2978; x_wconf 64' lang='lat' dir='ltr'><strong>l)</strong></span> 
     </span>
    </p>

    <p class='ocr_par' dir='ltr' id='par_1_10' title="bbox 70 2998 1274 3616">
     <span class='ocr_line' id='line_1_26' title="bbox 176 2998 1200 3093; baseline -0.003 -18"><span class='ocrx_word' id='word_1_181' title='bbox 176 3012 254 3075; x_wconf 87' lang='grc'><em>491.</em></span> <span class='ocrx_word' id='word_1_182' title='bbox 284 2998 434 3075; x_wconf 63' lang='lat' dir='ltr'><strong>Weitencr</strong></span> <span class='ocrx_word' id='word_1_183' title='bbox 470 3011 641 3092; x_wconf 78' lang='lat' dir='ltr'><strong>Vorscblop</strong></span> <span class='ocrx_word' id='word_1_184' title='bbox 667 3029 724 3074; x_wconf 81' lang='lat' dir='ltr'><strong>aur</strong></span> <span class='ocrx_word' id='word_1_185' title='bbox 749 3013 828 3074; x_wconf 75' lang='lat' dir='ltr'><strong>Geta</strong></span> <span class='ocrx_word' id='word_1_186' title='bbox 852 3014 887 3073; x_wconf 84' lang='lat' dir='ltr'><strong>ie</strong></span> <span class='ocrx_word' id='word_1_187' title='bbox 910 3011 1035 3076; x_wconf 83' lang='lat' dir='ltr'><strong>Socbee</strong></span> <span class='ocrx_word' id='word_1_188' title='bbox 1059 3014 1115 3075; x_wconf 84' lang='lat' dir='ltr'><strong>der·</strong></span> <span class='ocrx_word' id='word_1_189' title='bbox 1137 3004 1200 3093; x_wconf 77' lang='lat' dir='ltr'><strong>pe·&#39;</strong></span> 
     </span>
     <span class='ocr_line' id='line_1_27' title="bbox 73 3118 1195 3201; baseline 0 -18"><span class='ocrx_word' id='word_1_190' title='bbox 73 3121 225 3183; x_wconf 84' lang='lat' dir='ltr'><strong>miscbten</strong></span> <span class='ocrx_word' id='word_1_191' title='bbox 253 3121 351 3201; x_wconf 81' lang='lat' dir='ltr'><strong>Elec.</strong></span> <span class='ocrx_word' id='word_1_192' title='bbox 377 3121 542 3201; x_wconf 80' lang='lat' dir='ltr'><strong>Stottport.</strong></span> <span class='ocrx_word' id='word_1_193' title='bbox 567 3119 659 3183; x_wconf 84' lang='grc'><em>1842.</em></span> <span class='ocrx_word' id='word_1_194' title='bbox 686 3120 831 3200; x_wconf 90' lang='lat' dir='ltr'><strong>optimum</strong></span> <span class='ocrx_word' id='word_1_195' title='bbox 858 3118 926 3181; x_wconf 88' lang='lat' dir='ltr'><strong>lore</strong></span> <span class='ocrx_word' id='word_1_196' title='bbox 949 3125 1077 3192; x_wconf 89' lang='lat' dir='ltr'><strong>censet,</strong></span> <span class='ocrx_word' id='word_1_197' title='bbox 1111 3121 1137 3183; x_wconf 90' lang='lat' dir='ltr'><strong>si</strong></span> <span class='ocrx_word' id='word_1_198' title='bbox 1155 3128 1195 3183; x_wconf 89' lang='lat' dir='ltr'><strong>et</strong></span> 
     </span>
     <span class='ocr_line' id='line_1_28' title="bbox 75 3210 1194 3312; baseline 0.001 -23"><span class='ocrx_word' id='word_1_199' title='bbox 75 3227 222 3293; x_wconf 79' lang='lat' dir='ltr'><strong>Catholici</strong></span> <span class='ocrx_word' id='word_1_200' title='bbox 240 3225 497 3293; x_wconf 78' lang='lat' dir='ltr'><strong>etllrotestantes</strong></span> <span class='ocrx_word' id='word_1_201' title='bbox 508 3210 685 3291; x_wconf 58' lang='lat' dir='ltr'><strong>&#39;occasione</strong></span> <span class='ocrx_word' id='word_1_202' title='bbox 702 3226 909 3308; x_wconf 89' lang='lat' dir='ltr'><strong>copulationis</strong></span> <span class='ocrx_word' id='word_1_203' title='bbox 926 3229 1091 3292; x_wconf 87' lang='lat' dir='ltr'><strong>mixtorum</strong></span> <span class='ocrx_word' id='word_1_204' title='bbox 1108 3237 1194 3312; x_wconf 87' lang='lat' dir='ltr'><strong>matr.</strong></span> 
     </span>
     <span class='ocr_line' id='line_1_29' title="bbox 78 3330 1194 3420; baseline -0.003 -21"><span class='ocrx_word' id='word_1_205' title='bbox 78 3355 129 3415; x_wconf 86' lang='lat' dir='ltr'><strong>ea,</strong></span> <span class='ocrx_word' id='word_1_206' title='bbox 151 3355 231 3420; x_wconf 86' lang='lat' dir='ltr'><strong>qrrae</strong></span> <span class='ocrx_word' id='word_1_207' title='bbox 248 3336 287 3399; x_wconf 92' lang='lat' dir='ltr'><strong>ad</strong></span> <span class='ocrx_word' id='word_1_208' title='bbox 304 3335 507 3400; x_wconf 89' lang='lat' dir='ltr'><strong>solennitates</strong></span> <span class='ocrx_word' id='word_1_209' title='bbox 525 3342 687 3420; x_wconf 85' lang='lat' dir='ltr'><strong>spectant,</strong></span> <span class='ocrx_word' id='word_1_210' title='bbox 705 3330 884 3407; x_wconf 85' lang='lat' dir='ltr'><strong>omiserint,</strong></span> <span class='ocrx_word' id='word_1_211' title='bbox 903 3334 1096 3415; x_wconf 88' lang='lat' dir='ltr'><strong>parochique</strong></span> <span class='ocrx_word' id='word_1_212' title='bbox 1111 3336 1194 3402; x_wconf 69' lang='lat' dir='ltr'><strong>,assi-</strong></span> 
     </span>
     <span class='ocr_line' id='line_1_30' title="bbox 70 3441 1274 3524; baseline 0.004 -23"><span class='ocrx_word' id='word_1_213' title='bbox 70 3445 210 3523; x_wconf 88' lang='lat' dir='ltr'><strong>stentiam</strong></span> <span class='ocrx_word' id='word_1_214' title='bbox 239 3442 277 3507; x_wconf 90' lang='lat' dir='ltr'><strong>ad</strong></span> <span class='ocrx_word' id='word_1_215' title='bbox 293 3441 474 3524; x_wconf 79' lang='lat' dir='ltr'><strong>simplicem,</strong></span> <span class='ocrx_word' id='word_1_216' title='bbox 492 3441 720 3522; x_wconf 90' lang='lat' dir='ltr'><strong>copulationem</strong></span> <span class='ocrx_word' id='word_1_217' title='bbox 746 3457 855 3523; x_wconf 65' lang='lat' dir='ltr'><strong>penes,</strong></span> <span class='ocrx_word' id='word_1_218' title='bbox 872 3449 1053 3504; x_wconf 77' lang='lat' dir='ltr'><strong>consuetum</strong></span> <span class='ocrx_word' id='word_1_219' title='bbox 1076 3441 1193 3506; x_wconf 81' lang='lat' dir='ltr'><strong>formu·</strong></span> <span class='ocrx_word' id='word_1_220' title='bbox 1272 3511 1274 3516; x_wconf 67' lang='grc'>,</span> 
     </span>
     <span class='ocr_line' id='line_1_31' title="bbox 82 3548 921 3616; baseline 0 -7"><span class='ocrx_word' id='word_1_221' title='bbox 82 3548 132 3612; x_wconf 87' lang='lat' dir='ltr'><strong>lam</strong></span> <span class='ocrx_word' id='word_1_222' title='bbox 147 3570 214 3615; x_wconf 92' lang='lat' dir='ltr'><strong>cum</strong></span> <span class='ocrx_word' id='word_1_223' title='bbox 231 3551 454 3616; x_wconf 88' lang='lat' dir='ltr'><strong>benedictione</strong></span> <span class='ocrx_word' id='word_1_224' title='bbox 471 3550 670 3614; x_wconf 89' lang='lat' dir='ltr'><strong>coniunctam</strong></span> <span class='ocrx_word' id='word_1_225' title='bbox 687 3551 921 3614; x_wconf 88' lang='lat' dir='ltr'><strong>restrinxerint.</strong></span> 
     </span>
    </p>

    <p class='ocr_par' dir='ltr' id='par_1_11' title="bbox 86 3657 1265 4066">
     <span class='ocr_line' id='line_1_32' title="bbox 174 3657 1194 3745; baseline -0.003 -20"><span class='ocrx_word' id='word_1_226' title='bbox 174 3660 251 3725; x_wconf 82' lang='lat'>492.</span> <span class='ocrx_word' id='word_1_227' title='bbox 278 3659 411 3724; x_wconf 73' lang='lat' dir='ltr'><strong>desiciet</strong></span> <span class='ocrx_word' id='word_1_228' title='bbox 425 3661 514 3745; x_wconf 75' lang='lat' dir='ltr'><strong>eines</strong></span> <span class='ocrx_word' id='word_1_229' title='bbox 530 3664 621 3722; x_wconf 81' lang='lat' dir='ltr'><strong>murt.</strong></span> <span class='ocrx_word' id='word_1_230' title='bbox 639 3657 722 3723; x_wconf 81' lang='lat' dir='ltr'><strong>tart.</strong></span> <span class='ocrx_word' id='word_1_231' title='bbox 749 3659 900 3736; x_wconf 74' lang='lat' dir='ltr'><strong>Psorrers</strong></span> <span class='ocrx_word' id='word_1_232' title='bbox 920 3659 996 3722; x_wconf 80' lang='lat' dir='ltr'><strong>tiber</strong></span> <span class='ocrx_word' id='word_1_233' title='bbox 1012 3660 1064 3727; x_wconf 80' lang='lat' dir='ltr'><strong>die</strong></span> <span class='ocrx_word' id='word_1_234' title='bbox 1078 3657 1194 3733; x_wconf 76' lang='lat' dir='ltr'><strong>Mation</strong></span> 
     </span>
     <span class='ocr_line' id='line_1_33' title="bbox 87 3748 1194 3848; baseline 0.002 -22"><span class='ocrx_word' id='word_1_235' title='bbox 87 3765 132 3828; x_wconf 80' lang='lat' dir='ltr'><strong>des</strong></span> <span class='ocrx_word' id='word_1_236' title='bbox 147 3748 254 3833; x_wconf 81' lang='lat' dir='ltr'><strong>Biseb.</strong></span> <span class='ocrx_word' id='word_1_237' title='bbox 272 3789 298 3830; x_wconf 88' lang='lat' dir='ltr'><strong>o.</strong></span> <span class='ocrx_word' id='word_1_238' title='bbox 316 3767 457 3830; x_wconf 82' lang='lat' dir='ltr'><strong>Rottenb.</strong></span> <span class='ocrx_word' id='word_1_239' title='bbox 475 3767 509 3828; x_wconf 81' lang='lat' dir='ltr'><strong>in</strong></span> <span class='ocrx_word' id='word_1_240' title='bbox 527 3768 584 3828; x_wconf 85' lang='lat' dir='ltr'><strong>der</strong></span> <span class='ocrx_word' id='word_1_241' title='bbox 600 3772 692 3828; x_wconf 79' lang='lat' dir='ltr'><strong>walrt.</strong></span> <span class='ocrx_word' id='word_1_242' title='bbox 708 3764 980 3830; x_wconf 81' lang='lat' dir='ltr'><strong>Stdndeltemmer.</strong></span> <span class='ocrx_word' id='word_1_243' title='bbox 1005 3765 1194 3848; x_wconf 76' lang='lat' dir='ltr'><strong>Allpemeine</strong></span> 
     </span>
     <span class='ocr_line' id='line_1_34' title="bbox 86 3866 1193 3959; baseline 0.004 -26"><span class='ocrx_word' id='word_1_244' title='bbox 86 3871 341 3959; x_wconf 74' lang='lat' dir='ltr'><strong>ilircbceaeilunp.</strong></span> <span class='ocrx_word' id='word_1_245' title='bbox 375 3875 568 3936; x_wconf 83' lang='lat' dir='ltr'><strong>Dormstodt.</strong></span> <span class='ocrx_word' id='word_1_246' title='bbox 602 3872 694 3935; x_wconf 86' lang='grc'><em>1842.</em></span> <span class='ocrx_word' id='word_1_247' title='bbox 728 3873 787 3934; x_wconf 74' lang='lat' dir='ltr'><strong>Nm·</strong></span> <span class='ocrx_word' id='word_1_248' title='bbox 808 3866 973 3937; x_wconf 83' lang='grc'><em>98-102,</em></span> <span class='ocrx_word' id='word_1_249' title='bbox 1008 3871 1193 3937; x_wconf 91' lang='lat' dir='ltr'><strong>conclusum</strong></span> 
     </span>
     <span class='ocr_line' id='line_1_35' title="bbox 89 3968 1203 4066; baseline 0.007 -30"><span class='ocrx_word' id='word_1_250' title='bbox 89 3973 229 4046; x_wconf 78' lang='lat' dir='ltr'><strong>donitiale</strong></span> <span class='ocrx_word' id='word_1_251' title='bbox 245 3982 472 4066; x_wconf 83' lang='lat' dir='ltr'><strong>Deputatorum</strong></span> <span class='ocrx_word' id='word_1_252' title='bbox 482 3978 631 4043; x_wconf 81' lang='lat' dir='ltr'><strong>defendit</strong></span> <span class='ocrx_word' id='word_1_253' title='bbox 646 3986 708 4043; x_wconf 90' lang='lat' dir='ltr'><strong>tum</strong></span> <span class='ocrx_word' id='word_1_254' title='bbox 732 3998 773 4042; x_wconf 87' lang='lat' dir='ltr'><strong>ex</strong></span> <span class='ocrx_word' id='word_1_255' title='bbox 798 3997 856 4053; x_wconf 89' lang='lat' dir='ltr'><strong>eo,</strong></span> <span class='ocrx_word' id='word_1_256' title='bbox 881 3978 963 4060; x_wconf 87' lang='lat' dir='ltr'><strong>quod</strong></span> <span class='ocrx_word' id='word_1_257' title='bbox 981 3979 1083 4062; x_wconf 75' lang='lat' dir='ltr'><strong>lippus</strong></span> <span class='ocrx_word' id='word_1_258' title='bbox 1101 3968 1203 4044; x_wconf 84' lang='lat' dir='ltr'><strong>antea&#39;</strong></span> 
     </span>
    </p>
   </div>
   <div class='ocr_carea' id='block_1_7' title="bbox 91 4143 337 4169">
    <p class='ocr_par' dir='ltr' id='par_1_12' title="bbox 91 4143 337 4169">
     <span class='ocr_line' id='line_1_36' title="bbox 91 4143 337 4169; baseline -0.004 -4"><span class='ocrx_word' id='word_1_259' title='bbox 91 4143 337 4169; x_wconf 54' lang='lat' dir='ltr'><strong>&#39;‘——q--J—-n</strong></span> 
     </span>
    </p>
   </div>
   <div class='ocr_carea' id='block_1_8' title="bbox 91 4192 1285 4484">
    <p class='ocr_par' dir='ltr' id='par_1_13' title="bbox 91 4192 1285 4484">
     <span class='ocr_line' id='line_1_37' title="bbox 149 4192 1285 4300; baseline -0.003 -15"><span class='ocrx_word' id='word_1_260' title='bbox 149 4228 160 4274; x_wconf 66' lang='grc' dir='ltr'>Ϊ</span> <span class='ocrx_word' id='word_1_261' title='bbox 177 4198 357 4300; x_wconf 53' lang='grc' dir='ltr'><em>*1011111114Ιί</em></span> <span class='ocrx_word' id='word_1_262' title='bbox 374 4231 449 4285; x_wconf 81' lang='lat' dir='ltr'><strong>istius</strong></span> <span class='ocrx_word' id='word_1_263' title='bbox 471 4229 571 4283; x_wconf 77' lang='lat' dir='ltr'><strong>Auctor</strong></span> <span class='ocrx_word' id='word_1_264' title='bbox 593 4230 688 4299; x_wconf 83' lang='lat' dir='ltr'><strong>passim</strong></span> <span class='ocrx_word' id='word_1_265' title='bbox 712 4238 856 4284; x_wconf 78' lang='lat' dir='ltr'><strong>cerasetur:</strong></span> <span class='ocrx_word' id='word_1_266' title='bbox 887 4227 1018 4293; x_wconf 71' lang='lat' dir='ltr'><strong>scolae,</strong></span> <span class='ocrx_word' id='word_1_267' title='bbox 1046 4192 1192 4282; x_wconf 74' lang='lat' dir='ltr'><strong>canonicos</strong></span> <span class='ocrx_word' id='word_1_268' title='bbox 1257 4231 1285 4254; x_wconf 86' lang='lat'><strong>·&#39;</strong></span> 
     </span>
     <span class='ocr_line' id='line_1_38' title="bbox 91 4308 1192 4389; baseline 0.011 -30"><span class='ocrx_word' id='word_1_269' title='bbox 91 4308 324 4388; x_wconf 66' lang='lat' dir='ltr'><strong>dollendorpensis,</strong></span> <span class='ocrx_word' id='word_1_270' title='bbox 344 4321 388 4389; x_wconf 90' lang='lat' dir='ltr'><strong>qui</strong></span> <span class='ocrx_word' id='word_1_271' title='bbox 412 4336 458 4387; x_wconf 92' lang='lat' dir='ltr'><strong>per</strong></span> <span class='ocrx_word' id='word_1_272' title='bbox 472 4320 621 4388; x_wconf 83' lang='lat' dir='ltr'><strong>Capitulum</strong></span> <span class='ocrx_word' id='word_1_273' title='bbox 643 4336 690 4388; x_wconf 91' lang='lat' dir='ltr'><strong>pro</strong></span> <span class='ocrx_word' id='word_1_274' title='bbox 703 4319 835 4387; x_wconf 83' lang='lat' dir='ltr'><strong>Episcopo</strong></span> <span class='ocrx_word' id='word_1_275' title='bbox 855 4318 976 4383; x_wconf 85' lang='lat' dir='ltr'><strong>electus,</strong></span> <span class='ocrx_word' id='word_1_276' title='bbox 995 4316 1042 4371; x_wconf 84' lang='lat' dir='ltr'><strong>sed</strong></span> <span class='ocrx_word' id='word_1_277' title='bbox 1054 4333 1102 4385; x_wconf 87' lang='lat' dir='ltr'><strong>per</strong></span> <span class='ocrx_word' id='word_1_278' title='bbox 1115 4320 1192 4373; x_wconf 88' lang='lat' dir='ltr'><strong>Sum·</strong></span> 
     </span>
     <span class='ocr_line' id='line_1_39' title="bbox 94 4403 909 4484; baseline 0.013 -34"><span class='ocrx_word' id='word_1_279' title='bbox 94 4411 151 4453; x_wconf 87' lang='lat' dir='ltr'><strong>mum</strong></span> <span class='ocrx_word' id='word_1_280' title='bbox 160 4403 307 4462; x_wconf 86' lang='lat' dir='ltr'><strong>Pontificem</strong></span> <span class='ocrx_word' id='word_1_281' title='bbox 320 4412 435 4463; x_wconf 88' lang='lat' dir='ltr'><strong>reiectus</strong></span> <span class='ocrx_word' id='word_1_282' title='bbox 449 4409 509 4462; x_wconf 86' lang='lat' dir='ltr'><strong>luit.</strong></span> <span class='ocrx_word' id='word_1_283' title='bbox 531 4409 658 4477; x_wconf 72' lang='lat' dir='ltr'><strong>Kctbotilc</strong></span> <span class='ocrx_word' id='word_1_284' title='bbox 673 4410 844 4479; x_wconf 45' lang='grc'><em>18484180.</em></span> <span class='ocrx_word' id='word_1_285' title='bbox 865 4468 875 4484; x_wconf 23' lang='grc' dir='ltr'><strong>,Ι</strong></span> <span class='ocrx_word' id='word_1_286' title='bbox 906 4448 909 4453; x_wconf 88' lang='grc'>-</span> 
     </span>
    </p>
   </div>
   <div class='ocr_carea' id='block_1_9' title="bbox 0 0 1404 4852">
    <p class='ocr_par' dir='ltr' id='par_1_14' title="bbox 0 0 1404 4852">
     <span class='ocr_line' id='line_1_40' title="bbox 0 0 1404 4852; baseline 0 1"><span class='ocrx_word' id='word_1_287' title='bbox 0 0 1404 4852; x_wconf 95' lang='lat' dir='ltr'><strong> </strong></span> 
     </span>
    </p>
   </div>
  </div>
 </body>
</html>
