2798 4852
581 240 735 360 -saa
770 323 835 364 ψ,
882 288 920 372 .ζ

134 489 322 574 quillitateur
338 501 512 567 procurare
528 491 693 564 nequeunt.
717 485 886 551 Enimvero
903 491 1113 572 praecipitur:
1139 500 1257 573 partem

132 597 317 662 catholicam
334 601 407 658 ante
423 595 545 676 nuptias
562 592 763 657 Sacramento
789 595 1004 660 Poenitentiae
1029 601 1257 666 conscientiam
1290 667 1292 674 ,
1322 587 1324 593 1

130 710 220 771 snam
238 703 411 769 emundare
426 702 584 766 volentem
602 720 619 765 a
635 705 732 782 petito
750 721 807 766 suo
824 720 990 768 removere
1006 723 1069 768 non
1085 706 1255 786 expedire;

128 829 189 876 sen
215 813 427 877 cohaerenter
458 808 496 870 ad
513 816 656 872 nostrum
673 811 817 891 praecise
833 812 968 892 positum
985 830 1100 886 casum,
1127 815 1257 878 absolu-

126 924 249 983 tionem
260 916 516 980 sacramentalem
527 919 608 996 parti
619 915 804 989 catholicae,
822 921 936 982 mixtas
946 923 1069 1000 nuptias
1079 923 1257 986 irrestricte

126 1025 291 1099 ambienti,
308 1022 545 1117 impertiendam
563 1040 644 1086 esse.
661 1024 721 1086 Ast
738 1025 854 1087 virtute
866 1025 1051 1107 Encyclicae
1062 1027 1163 1090 eidem
1176 1032 1256 1108 parti
1343 1068 1345 1073 -
1393 1012 1398 1029 '

125 1126 478 1216 gratiam'Sacramenti
495 1130 702 1223 Matrimonii,
730 1141 782 1194 aut
798 1133 1048 1196 benedictionem
1066 1136 1254 1200 sacerdota·
1357 1145 1359 1149 ·

122 1243 190 1304 lem
209 1239 397 1304 subtrahere
435 1238 576 1299 iubemur
586 1257 595 1313 ;
621 1236 668 1297 bis
695 1246 799 1299 autem
817 1238 939 1301 duobus
966 1240 1066 1303 minus
1083 1241 1263 1305 cohaeren·'
1340 1224 1344 1231 ¹
1371 1284 1374 1291 -

124 1348 215 1410 tibus
233 1346 356 1408 sistitur
369 1363 429 1408 una
448 1344 620 1423 eademque
639 1357 710 1424 pars
729 1345 884 1407 catholiea
900 1363 961 1407 uno
979 1346 1154 1427 eodemque
1171 1356 1252 1412 tern-

120 1456 217 1535 poris
237 1459 339 1530 tractu
365 1450 453 1515 simul
471 1451 566 1533 digna
593 1457 624 1511 et
640 1450 784 1531 indigna,
812 1452 962 1533 disposita
989 1461 1020 1515 et
1045 1452 1248 1537 indisposita;
1346 1491 1362 1524 ;

121 1562 252 1628 sistitur
268 1567 302 1622 ut
318 1557 412 1641 digna
440 1565 471 1619 et
488 1556 654 1637 disposita:
682 1558 753 1639 quia
770 1559 954 1639 iniungitur,
980 1568 1013 1623 ut
1032 1559 1116 1624 Sacr.
1134 1563 1251 1625 Poeni-

120 1670 249 1731 tentiae
274 1683 330 1728 sen
346 1665 486 1746 pressius
511 1664 741 1727 absolutionem
760 1667 1017 1730 sacramentalem
1034 1665 1134 1730 eidem
1151 1668 1252 1733 admi-

121 1779 328 1857 nistremus3¹
353 1771 408 1834 sed
427 1774 487 1834 una
505 1773 667 1836 sistiturut
681 1772 810 1855 indigna
828 1781 858 1836 et
875 1773 1076 1854 indisposita:
1102 1779 1173 1857 quia
1188 1794 1247 1857 per
1345 1794 1357 1804 ·’

123 1879 330 1960 llncqc‘licam
347 1879 448 1958 gratia
465 1876 515 1938 uel
533 1877 754 1942 benedictione
770 1879 957 1943 sacerdotali
974 1881 1155 1959 mulctatum
1174 1901 1245 1945 cunr
1354 1897 1358 1903 ·

122 1993 237 2056 autem
255 1983 334 2049 idem
361 2002 421 2046 non
438 1987 538 2065 possit
555 1984 645 2045 simul
672 2003 743 2047 esse
761 1993 792 2048 et
807 2005 869 2049 non
886 2002 979 2059 esse,
996 1972 1171 2051 'necessum
1199 1997 1249 2051 est

124 2102 165 2158 ut
174 2095 284 2176 posito
295 2106 358 2154 uno
374 2096 507 2171 ponatur
524 2097 557 2151 et
572 2090 666 2163 aliud,
684 2098 737 2154 aut
753 2092 875 2156 sublato
886 2110 950 2156 uno
967 2093 1092 2157 tollatur
1109 2094 1251 2158 etialiud.
1354 2171 1357 2177 1

123 2202 311 2265 Praeterea.
328 2198 387 2260 boc
414 2197 694 2278 inconsequentiae
720 2199 827 2262 vitium
844 2186 1061 2280 grauissimum
1082 2200 1203 2263 muneri
1219 2209 1251 2263 et
1315 2196 1336 2215 ’“

119 2308 345 2375 conscientiae
370 2312 498 2371 nostrae
525 2309 768 2389 perplexitatem
794 2312 1028 2374 conscisceret:
1063 2309 1134 2372 dum
1170 2309 1252 2371 enim
1351 2342 1354 2348 ·

118 2418 245 2497 rigore
269 2412 455 2494 Encyelicae
481 2413 667 2477 abstinendo
683 2411 721 2477 ab
738 2417 820 2477 omni
836 2417 968 2494 positiro
985 2417 1107 2495 nuptias
1124 2408 1249 2477 illicitas

115 2523 281 2608 probante
300 2509 371 2584 actu
388 2523 580 2583 evitaremus
597 2520 737 2602 scyllam,
754 2541 811 2603 per
827 2521 1063 2587 Resolutionem
1081 2506 1251 2584 Praestite-
1320 2596 1322 2601 .
1345 2571 1349 2577 .

116 2647 187 2704 arar,
204 2646 265 2711 qua
281 2627 510 2691 absolutionem
528 2628 693 2691 evidenter
703 2629 851 2710 indignae
869 2627 1252 2710 etindispositaeimper-
1306 2706 1310 2717 ι

113 2739 177 2802 tiri
193 2736 355 2806 iubemur,
381 2735 594 2799 incideremus
619 2739 649 2798 in
667 2734 853 2818 Charybdim
880 2754 979 2816 usque
996 2735 1095 2808 adeo,
1108 2790 1110 2795 .
1122 2742 1155 2797 nt
1171 2734 1253 2817 parti

113 2844 303 2910 catbolicae
319 2843 520 2906 sacramento
538 2843 760 2912 Paenitentia,
778 2845 1020 2925 ntpraecipitur,
1038 2842 1251 2923 expiataeboo
1347 2918 1351 2933 ι

113 2957 196 3037 ipso
213 2952 418 3034 spiritualiter
436 2953 526 3012 vivae
544 2958 575 3012 ct
592 2950 843 3013 benedictionem
861 2946 967 3012 mixtis
994 2949 1111 3030 nuptiis
1129 2934 1249 3037 imper-

113 3058 268 3132 tiendam
284 3059 436 3142 flagitanti
459 3056 589 3119 nullum·
604 3056 835 3118 fundamentum
860 3062 1042 3134 suppeteret
1060 3071 1127 3127 enm
1145 3052 1247 3114 dene·
1328 3122 1332 3128 y

113 3165 234 3256 gandi.
259 3163 470 3246 spiritualiter
496 3158 575 3226 enim
602 3165 680 3226 vivis
698 3162 734 3224 ad
752 3163 954 3225 Sacramenta
971 3162 1134 3231 vivorum,
1161 3143 1248 3223 rrnlio
1348 3176 1352 3183 ⁴

113 3276 338 3340 subversante
362 3254 459 3342 ,secus
477 3267 715 3352 impedimento,
730 3273 906 3332 'aceessum
932 3253 1040 3349 patere
1059 3273 1107 3329 est
1124 3266 1248 3328 axioma
1351 3344 1354 3353 Ι

113 3384 204 3446 iuris
223 3379 327 3442 divini.
343 3378 441 3440 Haud
469 3377 655 3439 absimiliter
676 3373 749 3438 'dum
775 3376 806 3438 in
824 3376 1007 3454 obsequium
1034 3371 1176 3459 adnexae
1196 3370 1267 3433 ln-'
1299 3402 1302 3407 ·
1356 3380 1359 3386 '

113 3469 312 3554 structionis
329 3490 360 3550 in
377 3484 680 3568 promulgationibus
698 3481 916 3552 insinuandis,
944 3489 974 3542 et
991 3477 1250 3542 dimissorialibus

113 3592 330 3674 conficiendis
347 3601 531 3663 cautosnos
559 3607 630 3652 esse
657 3597 800 3672 oportet,
833 3607 872 3650 ne
899 3589 948 3650 rel
965 3579 1097 3650 verbulo
1124 3585 1247 3667 quidem

113 3713 258 3772 utamur,
276 3700 356 3780 quod
375 3700 629 3781 approbationem
644 3697 822 3788 illicitarum
840 3694 1015 3777 nuptiarum
1033 3699 1174 3774 saperet,
1193 3692 1247 3754 dut
1263 3682 1271 3733 -’
1312 3773 1314 3777 Ι

113 3813 286 3892 innueret,
303 3807 401 3886 prona
420 3807 645 3890 consecutione
658 3804 738 3865 ultro
764 3805 936 3874 deducitur,
955 3802 1104 3881 deinceps
1122 3815 1247 3879 qnoque
1312 3842 1319 3855 ,

113 3912 554 3980 occasioneintroductionis
573 3910 712 3985 mulieris
729 3917 800 3991 post
816 3916 935 3992 partum
953 3909 991 3969 ab
1009 3909 1093 3971 ornari
1110 3899 1192 3977 act-u,
1210 3924 1251 3988 ex
1292 3981 1295 3986 ¹

113 4022 290 4088 Ecclesiae
315 4022 501 4082 auctoritate
527 4012 722 4098 profluente,
750 4019 801 4097 qni
819 4011 1074 4098 approbationem
1091 4005 1250 4093 sacrilego
1307 4053 1309 4060 ι

113 4125 325 4195 matrimonio
344 4124 734 4208 postliminiolnduceret,
764 4116 1250 4191 abstinendumesse.-0uod
1294 4200 1296 4205 Ι
1353 4105 1357 4112 ’
1391 4134 1396 4143 ·

113 4238 248 4301 demum
265 4234 374 4294 attinet
390 4231 490 4292 studia
508 4229 702 4301 curatorum,
722 4222 813 4310 queis
831 4227 867 4290 ad
886 4221 1025 4292 normam
1042 4226 1250 4290 Constitutio-

113 4346 171 4409 nis
190 4339 374 4404 Pontificiac
390 4338 594 4401 securitatem
613 4345 644 4399 et
660 4336 783 4417 plenum
801 4327 1184 4416 vigorem-reversalium‚
1210 4330 1249 4393 ob
1311 4338 1314 4343 ’

113 4454 275 4516 attactam
317 4444 607 4508 determinationem
646 4445 819 4507 Comitatus
851 4442 1006 4520 Zoliensis
1038 4441 1252 4514 fluctuantem,

936 4605 940 4613 .
982 4561 1034 4615 28*
