2798 4852
583 266 821 341 -543-

331 570 380 659 d)
402 571 522 665 Suppi.
542 571 591 643 ud
606 568 797 643 distortum
815 560 1067 652 recentiorem·

650 784 739 858 624.

122 969 337 1031 ‘Rellcxioaes
350 973 456 1045 quoad
470 973 674 1031 matrimonia
688 975 791 1030 mixta
804 974 837 1029 ln
850 971 1088 1030 Transsllranla
1101 973 1134 1029 ln
1147 970 1259 1030 comr-

133 1065 190 1120 tlls
198 1079 232 1156 .⁸‘
245 1062 340 1128 1887..
354 1078 413 1135 per
422 1062 608 1153 Episcopus
621 1061 691 1120 Lat.
705 1065 737 1119 et
759 1061 812 1120 Gr.
829 1062 868 1120 R.
882 1062 1089 1136 propositaez
1114 1063 1261 1136 equibus

226 1155 330 1210 status
343 1155 580 1211 controversiae
594 1153 634 1210 de
647 1153 709 1210 lroc
723 1154 842 1211 merito
855 1152 950 1226 plene
964 1155 1180 1225 cognoscitur.

224 1320 406 1405 Alongiori
431 1323 491 1386 iam
518 1330 658 1405 tempore
683 1321 807 1386 fervent
837 1319 965 1386 dissidia
981 1323 1064 1385 inter
1080 1317 1260 1385 Catholicos

110 1474 119 1491 .-
135 1433 169 1488 et
186 1427 402 1493 Protestanles
418 1429 673 1494 Transsilvauiae
689 1429 792 1513 quoad
808 1429 985 1494 'transitum
998 1430 1035 1493 ab
1047 1447 1105 1492 una
1117 1427 1155 1491 ad
1170 1427 1260 1492 aliam

133 1552 152 1595 e
168 1536 307 1616 receptis
322 1535 476 1619 plenaque
493 1536 587 1619 legali
603 1537 793 1618 aequalitate
803 1536 1013 1620 gaudentibus
1035 1527 1269 1619 Religionibus,

134 1648 167 1703 et
185 1641 287 1722 quoad
301 1646 493 1709 matrimonia
511 1645 616 1719 mixta,
635 1662 715 1725 quae
732 1641 911 1709 catholicos
929 1646 1013 1708 inter
1030 1649 1065 1706 et
1081 1640 1259 1705 Protestan-

134 1753 186 1810 tes
203 1747 444 1815 commetiuntur.
1320 1828 1331 1841 ..

224 1855 269 1919 Ra
286 1858 427 1921 nimirum
444 1858 475 1921 in
491 1859 703 1923 celebratione
721 1862 888 1925 mixtorum
899 1858 1166 1923 matrimoniorum
1183 1871 1259 1937 pra·
1305 1842 1310 1853 ’

133 1961 198 2036 xis,
213 1960 328 2027 Altiori
353 1981 478 2046 quoque
502 1965 585 2029 Loco
611 1965 800 2048 adprobata,
842 1965 1008 2030 usuvenit:
1043 1969 1076 2026 ut
1101 1961 1260 2042 copulatio

134 2070 378 2151 perparoclmm
406 2070 594 2135 catholicum
619 2079 811 2156 peragatur,
845 2080 875 2135 et
894 2089 990 2136 causa
1016 2067 1191 2153 divortialis
1206 2084 1261 2147 per
1308 2137 1311 2141 ⁴

135 2173 362 2241 Consistorium
387 2175 572 2241 catholicum
591 2166 816 2260 cognoscetur.
841 2176 1009 2259 Utrumque
1026 2179 1125 2241 instar
1141 2190 1259 2259 grara-

137 2280 271 2361 vamini's
289 2291 480 2364 acceperunt
497 2285 724 2359 Protestantes,
743 2292 944 2351 memoratam
961 2286 1085 2368 praxim
1105 2281 1261 2367 principio

135 2387 251 2470 legalis
267 2387 467 2472 Religionum
484 2393 681 2474 aequalitatis
698 2378 880 2476 repng'nare
895 2390 1134 2463 contendentes,
1151 2386 1262 2452 mada-

142 2495 267 2577 lamqne
285 2503 345 2558 tam
363 2516 380 2559 a
397 2498 457 2562 Sua
474 2497 637 2562 Maiestate
653 2498 761 2581 Regia,
779 2517 869 2580 qnam
884 2517 904 2585 a
921 2498 1070 2574 Comitiis,
1095 2513 1176 2578 quae
1191 2501 1261 2557 sta-

139 2600 182 2665 tis
199 2604 390 2684 temporibus
407 2603 660 2685 celebrabantur,
670 2613 851 2690 poscentes.
864 2605 1041 2671 conabatur
1052 2603 1176 2686 quidem
1187 2594 1262 2666 Sla-

138 2715 189 2773 tus
206 2707 383 2774 Catholicus
401 2712 440 2776 de
458 2730 497 2775 eo
514 2717 708 2779 convincere
719 2714 944 2785 Protestantes,
962 2711 1045 2795 quod
1061 2718 1261 2793 praetensam

137 2816 359 2898 aequalitatem
375 2817 572 2900 Religionum
589 2824 676 2885 iusto>
688 2821 815 2906 longius
832 2819 1031 2903 protendant,
1050 2820 1121 2883 dnm
1140 2832 1261 2881 memo-

137 2929 208 2986 rata
224 2923 409 3005 gravamina
422 2920 568 2990 'formant
594 2928 656 2992 Sed
673 2929 799 2992 frustra.
809 2927 894 2993 ¹Nam
910 2927 1127 2991 Protestantes
1143 2943 1262 3009 grava-

139 3031 222 3093 mina
247 3031 331 3095 ultro
357 3051 483 3114 quoqne
509 3041 679 3115 urgentes,
705 3036 742 3098 iis
769 3033 921 3097 medelam
949 3031 1100 3107 duntaxat
1123 3033 1168 3095 sic
1185 3033 1263 3097 ferri

139 3153 236 3220 posse
253 3137 470 3219 opinabantur,
488 3142 514 3204 si
531 3141 562 3204 in
578 3139 668 3204 matr.
685 3141 789 3205 mixtis
802 3147 863 3203 tam
874 3126 1063 3217 Catholicus,
1080 3156 1171 3222 quam
1182 3139 1262 3201 Pro-

133 3251 259 3308 ·testans
276 3245 449 3321 Parochus,
466 3248 598 3329 quisque
615 3264 702 3312 suam
718 3255 858 3329 partam,
893 3246 1101 3330 copulaverit,
1125 3252 1157 3310 et
1183 3263 1261 3314 can·

141 3370 196 3415 sas
213 3352 455 3417 matrimoniales
472 3361 526 3418 aut
543 3354 644 3418 lorum
661 3355 798 3428 Actoris,
816 3361 870 3418 aut
886 3353 1163 3436 utriusquepartis
1180 3369 1261 3417 con·

141 3459 297 3524 trahentis
315 3460 417 3525 forum
433 3462 597 3544 spirituale
607 3460 803 3527 iudicaverit.
828 3463 997 3545 Utrumque
1007 3460 1168 3545 principiis
1184 3478 1262 3524 suae

138 3566 316 3650 Religionis
332 3551 516 3648 adversari,
542 3590 602 3634 nec
620 3590 688 3634 cum
704 3570 804 3634 libero
820 3571 991 3653 Religionis
1008 3569 1159 3634 exercitio
1176 3586 1265 3633 com·

139 3677 215 3759 poni
230 3680 471 3759 propugnabant
487 3677 648 3751 Catholici,
666 3679 697 3743 id
715 3681 844 3760 insuper
860 3676 1025 3752 addentes,
1042 3676 1126 3741 nulla
1137 3696 1165 3741 m
1181 3677 1265 3757 prin·

140 3782 233 3867 cipiis
248 3785 497 3849 Protestantismi
515 3805 570 3868 per
587 3786 617 3848 id
634 3788 694 3849 vim
711 3786 832 3858 inferri,
851 3787 877 3849 si
893 3785 1124 3867 copulationem
1150 3796 1262 3865 perso·

139 3908 249 3973 narum
265 3893 379 3956 mixtae
396 3891 561 3976 religionis
579 3890 923 3956 catholicusParochus
939 3896 1081 3973 peragat,
1098 3896 1132 3953 et
1148 3905 1263 3952 causas

141 3996 326 4062 divortiates
351 3999 464 4063 Forum
488 3999 650 4081 spirituale
677 3997 905 4064 Catholicormn
933 4004 1114 4081 cognoscat.
1139 3997 1174 4062 ln
1199 3997 1262 4060 hae

142 4102 324 4188 opinionum
339 4103 533 4182 diversitate,
549 4109 649 4171 visum
665 4109 760 4172 estin
776 4104 916 4171 comitiis
933 4124 961 4172 a.
980 4101 1107 4185 18¹⁰s11.
1124 4093 1188 4170 non
1213 4110 1265 4167 at-

140 4218 229 4276 tenta
245 4212 398 4278 Catholici
415 4213 518 4277 Status
534 4213 781 4279 contradictione
791 4214 967 4297 proiectum
984 4211 1066 4296 legis
1082 4211 1222 4276 condere
1234 4208 1263 4272 id

143 4320 329 4385 continens:
350 4327 388 4385 ut
413 4336 526 4384 causas
550 4328 643 4385 malm
658 4321 831 4387 mixtorum
864 4322 896 4386 in
922 4337 1018 4386 sensu
1034 4317 1266 4384 constitutionis

138 4424 269 4507 iosephi
294 4425 332 4490 ll.
358 4427 426 4492 lora
453 4426 555 4492 civilia
582 4428 733 4510 deinceps
757 4434 965 4511 pertractant.
988 4427 1072 4510 Erga
1089 4422 1287 4493 cuiusmodi·
