2798 4860
583 245 630 341 '..
660 272 742 356 aas
766 315 826 334 -«
891 217 895 225 “

137 486 291 557 hernare‘,
309 489 401 565 alque
428 478 613 567 dispensare
628 440 810 539 'secundum
827 472 985 537 Canonum
1006 469 1250 543 auctorilaleh“,
1273 512 1275 517 -

136 602 200 658 tum
223 589 344 673 prolata
372 593 483 652 contra
511 603 559 648 me
584 584 638 647 lex
663 580 884 666 Approbatalis
901 582 945 643 tit.
964 576 1253 664 3.,(inira,nberius

136 696 360 783 expandenda)
384 698 417 759 in
443 710 538 756 sensu
563 691 772 754 Resolutionis
797 689 831 750 R·
859 688 898 751 de
915 686 968 750 26.
994 685 1065 750 ilaii
1083 683 1254 762 tranum

136 806 233 872 2893.
250 811 357 888 punct.
376 802 430 865 45.
454 799 668 883 intelligenda.

224 1003 256 1065 4.
281 1003 381 1085 Ipsam
408 1004 513 1080 itaque
540 998 736 1081 Enoyclicam
763 997 801 1059 de
820 997 916 1061 verbo
938 993 1127 1069 adverbum
1142 993 1192 1057 hio
1207 994 1251 1069 in-

136 1129 226 1184 sero,
243 1110 411 1182 utveritas
437 1107 590 1172 dictorum
617 1104 805 1170 luculentius
821 1111 935 1185 pateat.
961 1101 999 1177 ἱ*)
1026 1101 1074 1166 Ex
1089 1103 1181 1176 huius
1198 1100 1260 1175 Eur,

70 1232 85 1285 ·.
135 1219 273 1302 cycli-cae
290 1218 451 1281 tenoribus
468 1217 627 1297 sapienter
645 1220 885 1296 perspecturum
902 1219 951 1277 est
967 1212 1046 1274 Exc.
1066 1207 1251 1272 Gubernium

134 1326 286 1411 Regium,
314 1343 404 1405 quam
421 1323 676 1403 incohaerenter
703 1339 833 1401 quamve
859 1320 1021 1384 infundate
1052 1316 1254 1383 formaverint

137 1450 210 1496 suas
228 1440 337 1495 contra
363 1432 445 1494 illam
462 1431 607 1513 querelas
625 1431 900 1511 Congregaliones
929 1425 1107 1498 Generales
1124 1426 1251 1501 Comita-

83 1598 85 1602 Α
137 1547 221 1602 tuum
247 1546 278 1601 et
304 1537 438 1615 Sedium.¹
465 1536 498 1599 ln
523 1540 630 1618 primis
665 1537 737 1628 dum
761 1537 792 1599 in
819 1535 984 1619 Encyclica
1006 1534 1256 1614 meapraemlsi,

138 1647 210 1729 quid
227 1630 367 1709 Ecclesia
383 1646 418 1707 R.
438 1647 596 1709 Catholica
614 1646 652 1708 de
669 1648 772 1709 mixtis
789 1645 993 1709 matrimoniis
1017 1642 1092 1707 inde
1108 1660 1125 1704 a
1142 1648 1255 1722 tempo·

138 1751 224 1823 ribus
240 1752 464 1834 Apostolorum
481 1761 664 1817 constanter
680 1755 834 1827 tenuerit,
864 1761 895 1815 et
923 1758 1040 1834 quanto
1068 1750 1174 1814 studio
1198 1731 1254 1810 llo-¹

138 1862 218 1923 mani
235 1859 400 1924 Pontifices
418 1878 477 1941 qua
495 1860 608 1923 Centra
635 1860 767 1924 Unitatis
790 1862 970 1924 Catholicae
988 1859 1167 1944 doctrinam
1183 1854 1253 1918 illan

26 1986 31 1992 ·
135 1982 346 2039 conservare,
378 1969 558 2049 abususque
595 1975 625 2030 ct
659 1967 856 2032 deviationes
891 1966 928 2030 ab
959 1965 1012 2030 illa
1043 1965 1079 2029 in
1111 1962 1253 2028 nonnullis

138 2076 218 2139 locis
230 2083 353 2142 „erratas
381 2077 546 2158 corrigere
570 2093 607 2137 ac
625 2075 662 2138 ad
681 2083 800 2139 rectum
817 2076 972 2137 tramitem
988 2090 1147 2137 revocare
1165 2068 1253 2134 adnisi

138 2182 275 2245 luerint:
301 2181 374 2261 quid
398 2201 456 2262 per
480 2183 578 2256 haec,
603 2200 741 2265 quaeso,
767 2182 832 2245 dixi
859 2179 961 2258 aliud,
988 2198 1081 2261 quam
1100 2179 1184 2262 quod
1200 2177 1250 2240 Sa·

142 2308 216 2353 crae
233 2289 359 2352 Literae
383 2290 569 2373 perhibent,
597 2297 628 2352 el
646 2289 777 2354 annales
795 2291 929 2353 omnium
947 2295 1123 2370 temporum
1140 2293 1249 2352 testan-

50 2379 52 2385 ¹
139 2406 188 2460 tur
199 2399 222 2460 ‘l‘
239 2396 328 2459 Nulla
346 2398 398 2460 lex
414 2398 514 2488 patria
532 2398 604 2461 mihi
620 2399 748 2480 cognita
766 2405 833 2471 est,
862 2416 942 2479 quae
960 2416 976 2459 a
994 2397 1155 2469 tradenda
1169 2410 1252 2479 praa

137 2507 187 2568 via
205 2505 346 2567 doctrina
374 2524 423 2567 me
439 2505 605 2569 inhiberet.
631 2539 673 2550 -
698 2506 776 2570 Dum
802 2524 897 2588 porro
914 2504 1039 2568 Clarum
1057 2512 1089 2568 et
1105 2521 1165 2588 per
1179 2504 1250 2567 huno

133 2610 413 2694 lideles'gubernio
430 2633 500 2677 meo
518 2615 657 2678 creditos
684 2613 847 2686 admonui,
866 2624 898 2677 ut
915 2614 1043 2679 decreta
1063 2612 1182 2677 Summi
1197 2613 1249 2675 Ec·

135 2721 256 2783 clasiae
293 2721 472 2795 Pontificis,
505 2741 565 2802 qua
602 2722 751 2786 divinitus
784 2724 947 2786 constituti
979 2722 1115 2786 Unitatis
1148 2720 1251 2791 Centri,

131 2827 240 2890 debita
257 2846 325 2889 cum
352 2831 560 2892 veneratione
587 2832 745 2911 excipiant
762 2838 792 2892 et
810 2829 988 2893 obedientia
1005 2837 1251 2913 prosequantur:

45 2986 48 2992 .
129 2949 193 2994 non
224 2933 307 2996 aliud
333 2934 405 3008 leci,
438 2954 528 3016 quam
555 2937 639 3017 qrrod
664 2939 801 3001 muneris
828 2937 888 3000 mei
914 2940 1055 3001 rationes
1084 2937 1250 3003 iaciendum

131 3040 239 3105 iubent
257 3040 316 3106 illis
335 3046 457 3107 verbis:
485 3047 649 3124 „Pascite,
666 3049 718 3126 qni
735 3048 764 3109 in
782 3048 872 3110 vobis
889 3054 956 3123 est,
972 3064 1112 3137 gregem
1129 3045 1251 3114 nomini,

129 3151 334 3229 providentes
369 3152 541 3217 secundum
567 3154 665 3218 Deum
693 3189 735 3199 -
762 3164 854 3236 atque
888 3156 1044 3236 obsecra,
1077 3159 1204 3237 increpa
1226 3156 1251 3214 in

129 3259 211 3320 ornni
227 3258 377 3338 patientia
394 3267 425 3322 ct
449 3261 590 3324 doctrina
609 3265 690 3325 etc.“
719 3297 761 3308 -
779 3263 855 3327 llum
873 3265 1026 3346 exposui,
1045 3264 1079 3326 in
1096 3263 1245 3328 'lranssil

50 3412 53 3417 .
129 3367 221 3427 vania
240 3364 398 3447 abaliquo
416 3373 556 3451 tempore
573 3374 760 3434 aconstanti
777 3371 938 3435 Ecclesiae
955 3389 1067 3435 norma
1085 3375 1245 3444 occasione

39 3523 42 3527 .
129 3468 354 3537 celebrationis
372 3483 459 3536 matr.
473 3476 636 3540 mixtorum
656 3478 810 3543 deviatum
828 3480 934 3551 luisse,
953 3479 1147 3561 Clarumque
1159 3497 1248 3547 meum

128 3578 167 3638 ad
184 3581 348 3641 tenendam
366 3583 549 3677 uniformem
566 3584 727 3651 Ecclesiae
744 3590 865 3667 praxim
882 3568 1014 3651 inviavi:
1034 3590 1128 3652 simul
1145 3585 1244 3656 addidi,

129 3685 337 3780 deviationem
355 3690 438 3752 illam
465 3692 636 3765 hactenus,
665 3715 729 3759 non
746 3697 940 3777 improbante
958 3697 1042 3760 Sede
1059 3697 1243 3778 Apostolica,

129 3790 351 3859 dissimulatam
368 3798 482 3870 luisse,
509 3802 564 3864 sed
591 3811 663 3885 post
685 3805 779 3867 totius
795 3806 861 3866 lere
878 3805 964 3867 orbis
987 3805 1141 3870 catholici
1156 3807 1241 3867 Prae·

85 3935 88 3940 ,
126 3901 227 3964 sulum
243 3903 326 3966 laeta
344 3911 376 3967 ct
401 3907 498 3985 ipsius
525 3907 639 3975 Summi
666 3911 822 3974 Pontificis
848 3915 978 3987 iteratas
1005 3911 1241 3985 declarationes,

13 4069 15 4073 ,
34 4100 42 4107 ἱ
111 4008 257 4072 eandem
269 4011 484 4077 deviationem
502 4018 582 4096 apud
599 4036 656 4082 nos
681 4019 809 4099 amplius
827 4020 957 4084 tolerari
974 4021 1057 4083 haud
1076 4037 1181 4102 posse,
1196 4017 1243 4083 sed

124 4114 320 4182 redeundum
347 4139 420 4184 csse
447 4123 621 4189 admoram
648 4128 819 4191 universali
845 4127 1010 4192 Ecclesiae
1039 4131 1159 4194 iudicio
1176 4144 1245 4192 con-

4 4256 7 4260 ·
124 4220 262 4286 formem.
295 4228 475 4294 Cuiusmodi
492 4251 586 4296 causa
604 4233 819 4317 dispositionis
836 4255 923 4300 meae
938 4240 999 4301 rite
1016 4257 1080 4316 exp
1091 4257 1177 4313 ensa,
1194 4251 1245 4299 non

229 4471 260 4545 ΙΙ”)
280 4475 346 4535 Vin
357 4481 424 4553 sup,
438 4480 508 4537 idco.
518 4482 590 4539 aaa
