2798 4852
575 255 829 337 --379--⁸

132 455 269 523 sedibus
283 464 333 522 ast
349 451 539 537 deferenda,
562 474 622 521 neo
636 466 771 538 possunt
790 460 913 541 uspiam
928 461 1105 525 sententiae
1119 463 1192 527 ilina
1209 463 1261 529 di-

132 567 233 636 vortii
249 568 281 630 in
298 565 410 630 ordine
426 566 467 628 ad
482 564 731 629 contrahendum
747 582 816 630 oum
827 562 980 631 sattiolioa
994 585 1132 648 persona
1148 573 1259 635 matri-

131 673 274 737 monium
289 671 409 736 valera.
434 671 501 734 Neo
516 670 576 734 alia
591 671 699 752 utique
716 671 833 734 adferri
849 678 953 752 potest
966 675 1068 748 ratio,
1094 692 1150 739 eur
1173 673 1265 758 Eppi·

124 780 172 859 ‚ad
189 778 428 863 agnoscendam
444 776 601 841 tatismodi
617 777 730 843 vinculi
741 777 908 842 nullitatem
918 776 1113 866 illamquossad
1129 783 1265 848 oatboli·

134 903 192 951 eos
209 884 443 950 extendendam
460 884 595 966 obligari
611 893 787 966 nequeant,
816 904 905 968 quarn
931 888 1015 968 quod
1031 888 1108 971 lippi
1123 896 1265 970 spectatu

133 994 406 1061 sacramentorum
431 991 555 1054 ratione
581 989 688 1054 divino
704 992 772 1054 iure
798 992 918 1073 proprii
935 999 967 1056 et
986 995 1116 1077 quidem
1133 995 1263 1059 exoluso

135 1103 223 1165 omni
251 1098 312 1164 atio
343 1097 483 1171 iudicio,
523 1098 788 1162 matrimoniorum
813 1116 870 1163 sau
894 1092 1181 1166 contrahendarum
1206 1090 1266 1166 seu

134 1205 530 1283 contractorum-iudices,
556 1212 650 1286 atque
666 1205 746 1268 adeo
763 1204 821 1285 ipsi
837 1223 894 1286 per
910 1223 946 1268 se
963 1206 1192 1270 consistoriave
1209 1224 1266 1271 sua

136 1314 260 1378 dinemo
278 1312 402 1376 solenni
424 1311 589 1375 iudiciaria
605 1310 706 1376 torma
731 1327 929 1392 cognoscens
953 1318 1140 1386 teneantur,
1165 1302 1267 1376 utrum

135 1419 369 1483 matrimonium
386 1419 480 1480 ettam
496 1416 645 1493 mistum,
661 1414 736 1479 oum
754 1417 794 1479 da
809 1420 879 1480 neri
908 1420 1045 1483 nominis
1066 1412 1268 1484 sacramento
1294 1427 1299 1433 ”

137 1532 264 1609 agatur,
279 1523 386 1588 ualido
401 1532 599 1589 contractum
615 1525 664 1597 sit,
682 1531 737 1587 aut
752 1524 1009 1588 contrahendum.
1033 1518 1173 1606 Denique
1189 1514 1263 1589 oum

136 1640 196 1696 art.
214 1632 277 1695 26:
295 1628 392 1693 1791.
410 1638 442 1705 §-
459 1631 521 1692 iarn
539 1632 745 1712 supracitato
764 1630 816 1692 16.
842 1633 937 1694 mixta
964 1634 1055 1695 etiam
1073 1626 1182 1695 omnia
1194 1642 1264 1694 ma'-
1318 1654 1321 1660 <

136 1738 286 1805 trimonla
312 1736 479 1804 aSedibus
507 1736 738 1801 Catbotioorum
764 1738 976 1818 spiritualibus
992 1737 1131 1820 pondere
1147 1737 1266 1803 debere

137 1847 510 1926 eonstituitproptarea,
527 1843 609 1924 quod
626 1843 664 1905 de
680 1846 748 1907 veri
765 1846 900 1908 nominis
917 1843 1122 1908 sacramento
1138 1852 1266 1926 agatur:

138 1952 361 2031 eeclesiastioo
385 1949 502 2014 iudicio
528 1947 632 2028 quoad
664 1947 799 2010 effectus
825 1949 920 2013 etiam
945 1950 1054 2013 civiles
1072 1952 1185 2015 subiici
1201 1953 1265 2014 vult

137 2073 297 2143 personas
325 2054 447 2120 alienae
470 2054 688 2118 consessionis
715 2055 839 2118 rationo
866 2055 1072 2119 contrahendi
1104 2054 1156 2118 vel
1181 2047 1287 2118 ooli?

136 2164 233 2229 tracti
249 2180 318 2225 oum
333 2163 480 2244 personis
496 2159 661 2224 catholicis
678 2161 884 2238 matrimonii,
900 2168 935 2224 ut
953 2163 1084 2241 proinde
1102 2160 1184 2226 citra'
1197 2155 1263 2224 es'-

138 2288 271 2353 pressas
298 2277 330 2332 et
363 2269 486 2352 legatos
522 2267 726 2348 spiritualium
752 2268 873 2331 sedium
899 2269 1073 2331 sententias
1098 2269 1264 2349 nequidem

141 2376 247 2462 quoad
265 2376 397 2440 ednotus
415 2375 510 2439 etiam
526 2375 636 2437 civiles
654 2375 761 2439 valere
780 2378 881 2456 possit
907 2376 1189 2457 quomodocunque
1207 2376 1269 2439 ali·

141 2495 193 2550 ter
211 2484 400 2549 divortiatae
423 2499 581 2564 personae
607 2500 677 2545 cum
693 2481 850 2547 catholica
876 2499 1011 2562 persona
1027 2483 1269 2548 matrimonium.

139 2591 190 2656 Ex
206 2592 255 2656 tris
272 2593 331 2654 iam
347 2590 424 2652 Exo.
443 2587 612 2652 Consilium
629 2588 714 2652 clare
733 2591 914 2670 perspicere
931 2589 1130 2671 dignabitur,
1156 2607 1196 2652 ex
1212 2607 1272 2669 pa·

138 2699 194 2764 trii
209 2700 298 2784 iuxta
314 2713 352 2758 ne
363 2695 545 2759 diviniiuris
563 2697 760 2777 praescripto
771 2695 986 2758 necessarium
997 2694 1174 2759 omnimode
1186 2712 1271 2768 esse,
1335 2715 1338 2719 ·

113 2825 115 2829 ’
140 2815 290 2871 ntoaosa
308 2803 432 2866 divortii
449 2803 608 2867 Barbarae
623 2802 759 2884 Boratlsy
782 2805 815 2866 in
841 2801 953 2867 ordino
979 2800 1016 2864 ad
1042 2804 1270 2867 matrimonium

139 2932 213 2979 eum
242 2911 316 2993 ligr.
332 2911 445 2974 Caroto
461 2910 532 2974 Kiss
559 2910 627 2975 viro
653 2910 808 2974 catholieo
835 2907 1086 2973 contrahendum
1111 2904 1271 2991 legalibus

139 3019 373 3085 catholicorum
408 3017 535 3081 sedibus
569 3016 778 3097 spiritualibus
804 3015 987 3094 deleratns3
1019 3031 1079 3077 nee
1114 3031 1209 3093 posse
1235 3016 1267 3076 in

142 3130 206 3192 bau
223 3126 423 3190 absimilibus
441 3125 546 3188 causis
564 3121 731 3202 quidquam
747 3140 803 3202 per
819 3140 868 3184 mo
883 3138 981 3202 porro
998 3120 1082 3183 aliud
1094 3122 1162 3200 agi,
1178 3132 1270 3198 quam

143 3235 234 3322 quod
250 3233 352 3297 adbuc
369 3239 471 3296 ao'tum
488 3238 556 3304 est,
584 3233 645 3294 nisi
670 3234 911 3292 memoratarum
929 3227 1134 3309 spiritualium
1151 3225 1273 3290 sodium

142 3346 316 3408 sententiis
332 3341 419 3425 prius
429 3336 662 3404 matrimonium
680 3339 801 3407 irritum
813 3330 993 3417 nullumque
1009 3334 1109 3397 tuisse
1126 3333 1274 3397 declare-
1335 3387 1344 3395 .

144 3460 222 3526 tur,
248 3466 438 3531 manereque
463 3447 600 3530 proinde
624 3448 727 3510 virum
752 3444 937 3510 oatbolioum
963 3444 994 3506 in
1010 3435 1170 3524 illegitima
1186 3439 1275 3504 eius·

144 3559 235 3624 modi
262 3557 485 3620 ooniunotioue
513 3555 694 3618 haerentem
722 3545 992 3616 sacramentorum
1021 3538 1276 3633 recipiendorum
1349 3556 1357 3578 '

142 3666 312 3750 ipsiusque
327 3665 533 3729 absolutionis
550 3661 785 3726 sacramentalis
801 3676 932 3740 prorsus
947 3662 1141 3740 incapacem.
1268 3666 1272 3673 ’

552 3851 556 3859 “
667 3875 754 3949 ooo.

145 4020 304 4114 intimato
318 4052 371 4108 dd.
386 4052 415 4106 l.
430 4051 519 4120 sapt.
537 4047 628 4103 1795.
651 4060 779 4101 rursum
793 4045 835 4101 ad
848 4042 1111 4101 retractationem
1133 4035 1278 4098 Ciroula·

381 4194 385 4200 ,
500 4134 943 4206 riumprovooaturllppus.'
1328 4142 1332 4148 ·

151 4287 154 4292 ’
199 4348 201 4355 1
243 4264 642 4374 lnlnlimaloudPruelit.
667 4299 1014 4380 pulsandorum.
1042 4314 1070 4360 a.
1095 4313 1122 4360 ο.
1149 4260 1281 4358 armum

153 4418 321 4511 Eidemde
337 4418 472 4498 positivo
489 4415 631 4497 benigno
648 4415 737 4477 iussu
753 4412 949 4475 commissum
966 4404 1084 4486 extitit,
1108 4412 1142 4471 ut
1159 4403 1198 4469 ad
1214 4400 1277 4464 Pa·
1320 4462 1323 4467 .
