2798 4852
453 272 747 349 ...aaa-

43 477 162 570 gotia
178 475 382 558 agnoscitur,
398 471 551 555 Episcopo
576 471 678 552 Regni
705 465 1021 545 concanonicorum
1048 459 1188 544 capitulo

46 583 298 657 administratio
324 599 483 645 sacrarum
510 597 615 643 rerum
640 580 830 640 internarum
855 571 1060 656 permittitur,
1089 570 1191 650 iisque

50 691 334 762 omniomiurium
360 705 455 767 usus,
479 705 558 771 quae
575 685 748 751 secundum
768 680 920 764 principia
947 679 1032 742 luris
1050 674 1191 739 Catholi-

55 818 179 870 eorum
195 798 347 863 Canonici
369 815 438 860 cum
456 795 516 860 >illa
542 796 694 876 dignitate
718 791 902 856 necessario
918 786 1087 852 coniuncta
1104 791 1187 856 sunt,

60 907 235 992 expressis
263 906 370 969 verbis
404 903 624 980 confirmatur,
656 899 793 983 donique
818 904 943 980 praeter
974 895 1085 960 multas
1117 894 1192 960 alias

63 1014 181 1095 magni
218 1014 367 1078 momenti
393 1013 605 1076 institutiones
637 1009 818 1072 Catholicae
848 1004 1010 1071 Ecclesiae
1042 1002 1191 1067 ministris

71 1121 186 1188 eadem
209 1119 378 1203 privilegia
405 1117 605 1201 personalia,
630 1134 710 1198 quae
735 1116 851 1179 ceteris
879 1110 1104 1179 conceduntur.
1130 1109 1193 1185 Sed

74 1237 100 1298 in
118 1229 249 1312 legibus
275 1226 417 1292 ferendis
433 1234 464 1289 et
481 1224 644 1308 promissis
660 1230 775 1288 tantum
793 1222 900 1296 abluit,
914 1221 1194 1293 utsubsisteretur,

21 1366 28 1378 ·
80 1346 108 1404 ut
124 1354 254 1415 normae
279 1338 312 1400 in
336 1335 383 1398 bis
409 1335 633 1417 pronunciatus
660 1334 691 1396 in
715 1334 809 1397 vitam
833 1338 867 1395 et
891 1346 979 1395 usam
1006 1328 1193 1413 amplissime

85 1445 168 1523 breui
182 1443 432 1509 traducerentur.

73 1552 77 1559 “
169 1547 1192 1615 —--Haecestreiecclesiasticaeetseholasticaecatbo-
1227 1554 1231 1559 ’

86 1657 212 1724 licorum
245 1663 277 1724 in
311 1659 565 1741 Witrtembergia
599 1658 757 1733 conditio,
796 1659 970 1741 generatim
1001 1655 1192 1721 adumbrata.

100 1762 226 1838 Quamuis
243 1767 335 1830 multa
352 1768 478 1850 penitus
495 1765 684 1846 perlicienda
701 1773 733 1829 et
750 1765 942 1830 emendanda
968 1772 1111 1841 restent,
1138 1785 1195 1829 re-

49 2003 51 2007 <
74 2046 77 2053 ,
107 1983 209 2046 aerario
224 1982 346 2065 publico
358 1983 615 2064 exigatseculum
626 1984 656 2045 in
667 1980 865 2062 perficiendis
876 1980 1066 2064 quibuslibet
1083 1980 1194 2046 condi·

108 2087 219 2154 tionibus
235 2097 266 2152 et
282 2091 433 2153 institutis
458 2088 590 2171 publicis
613 2089 722 2169 rapido
739 2105 833 2153 cursu
849 2089 1048 2172 procedens3
1072 2107 1200 2172 compa·

113 2619 232 2690 uatibus
247 2629 400 2709 praestita
422 2634 511 2691 sunt:
537 2634 601 2693 tum
619 2625 743 2708 quidem
759 2644 851 2692 secus
868 2627 908 2690 de
924 2628 1199 2711 wurtembergiae
1308 2650 1310 2655 ·

50 2750 56 2760 ·⁴
86 2800 89 2805 ,
113 2723 246 2798 liberam
263 2737 315 2799 vix
332 2752 516 2816 quemquam
532 2735 780 2799 existimaturum
797 2754 868 2800 esse
885 2737 1079 2802 crediderim.
1194 2752 1197 2759 '

33 2864 40 2873 ·
81 2896 84 2901 .
175 2843 234 2917 nt,
251 2849 285 2904 ut
300 2841 621 2915 EcclesicCotbolico
636 2843 723 2905 intra
738 2862 811 2906 suos
826 2847 940 2910 limites
959 2857 991 2911 et
1006 2849 1200 2912 convenien-

80 2988 83 2993 -
111 2940 145 3005 br
156 2950 295 3016 internae
310 2969 388 3015 sace
404 2951 622 3014 constitutioni
635 2952 732 3014 libere
754 2956 885 3033 operari
896 2957 1017 3034 possit,
1041 2965 1137 3038 utque
1150 2960 1205 3018 in-

10 3101 27 3142 „
54 3123 59 3133 ,
111 3052 210 3132 lterum
234 3062 277 3121 sit
302 3059 452 3137 clericis,
486 3059 690 3123 matrimonio
718 3063 819 3123 mictu
845 3069 956 3124 contro
980 3067 1205 3128 conscientium

54 3186 57 3195 ·
111 3160 182 3228 ttcm'
202 3167 415 3255 benedictione
442 3185 506 3229 aon
530 3168 661 3231 initiare
686 3167 817 3244 debere,
841 3169 919 3230 haee
944 3176 1035 3243 sunt,
1062 3189 1142 3253 quae
1166 3173 1201 3234 b:
1292 3211 1298 3220 ·

10 3296 14 3349 3
80 3258 84 3265 ¹
109 3258 262 3357 Episcopus
279 3272 437 3339 desiderat
454 3282 485 3336 et
501 3275 643 3356 requirit.
661 3273 738 3337 Num
756 3292 834 3338 vero
852 3277 1126 3358 opineturaliquis,
1142 3274 1204 3344 hoe

110 3369 301 3457 doberniam,
320 3383 402 3464 quod
419 3383 511 3447 modo
529 3391 770 3447 commemorato
787 3384 993 3464 comprobare
1010 3394 1204 3462 consessui,

16 3510 23 3521 ·
57 3504 59 3509 ·
108 3490 152 3562 ⁸⁰,
166 3491 237 3574 quid
252 3491 407 3556 catholico
424 3491 538 3572 populo
555 3497 587 3551 et
603 3490 758 3554 ecclcsiae
775 3487 946 3566 debeatur,
971 3509 1086 3567 nosse,
1112 3493 1206 3576 idque

10 3632 17 3643 ·
35 3631 41 3639 ·
107 3596 221 3673 explere
238 3598 341 3673 velle,
359 3618 397 3663 ec
415 3596 589 3680 procedere
606 3616 721 3691 posse,
747 3605 781 3663 ut
796 3598 970 3663 libertatem
986 3594 1077 3665 huius
1093 3600 1207 3667 Eccle-

105 3691 162 3764 δίη
177 3705 319 3791 frangat,
346 3715 377 3770 et
393 3707 608 3771 conscientias
634 3705 834 3771 Sacerdotum
862 3707 1090 3773 Catholieorum
1111 3726 1208 3789 prae*

104 3809 233 3912 ittvet?
272 3816 331 3879 An·
357 3815 510 3897 quispiam
535 3813 723 3891 crediderit,
757 3815 895 3898 Regem,
930 3818 1018 3880 cuius
1050 3816 1209 3880 excelsum

10 3990 18 4017 ⁹
50 3928 53 3936 '
102 3918 395 3987 ¹t¹stitiaeamorem
423 3929 456 3985 et
485 3920 640 3986 benevola
665 3923 795 3987 consilia
821 3924 915 3986 etiarn
941 3924 1091 3989 Catholici
1124 3925 1209 3988 cives

101 4020 196 4105 ¹¹¹lber
212 4037 276 4107 tam
288 4031 422 4094 sinceris
440 4030 617 4094 devotionis
635 4031 738 4112 signis
754 4032 915 4111 prosecuti
941 4041 1032 4113 sunt,
1058 4032 1131 4097 talia
1148 4046 1209 4097 coe

10 4202 24 4229 ,ἰ
83 4128 220 4229 'lamina
236 4139 394 4221 cumlege
421 4138 620 4218 Reipublicae
646 4139 868 4203 fundamentali
894 4147 926 4202 et
952 4160 1021 4205 cuni
1046 4141 1105 4205 lide
1120 4145 1211 4226 regia

11 4250 38 4304 a'
100 4236 269 4321 Pugnantia
293 4255 361 4311 rata
386 4265 519 4329 unquam
546 4248 723 4312 habiturum
748 4248 875 4312 fuisse?
899 4248 985 4322 Quae
1007 4251 1212 4332 quaestiones

101 4345 259 4420 quomodo
275 4357 445 4420 solvendae
464 4357 543 4428 sint,
562 4375 744 4438 quamquam
765 4357 848 4422 ultro
865 4358 983 4440 liquet:
1006 4366 1109 4422 tamen
1125 4360 1216 4433 brevi

26 4504 30 4513 .
104 4433 180 4533 htlic
204 4465 403 4530 illustrationi
428 4464 576 4547 querelae
601 4464 637 4528 D.
655 4464 798 4546 Episcopi
824 4474 932 4531 contra
949 4465 1138 4533 Gubernium
1158 4484 1214 4553 pu·
1261 4507 1265 4514 ·
