2798 4852
518 268 528 319 -“
583 322 636 362 2-v-
668 228 826 355 aao'-
901 352 904 359 .

25 541 28 557 ,
134 481 253 544 tionem
265 481 353 542 istam
372 477 515 540 derebus
527 476 751 539 ecclesiasticis
763 474 801 537 ad
813 458 961 539 Senatum
977 475 1097 550 detulit,
1110 475 1251 542 adiuncta

27 568 32 646 ¹.
134 588 371 670 propositione:
394 592 430 647 ut
445 585 578 647 Senatus
599 581 798 648 intercedere
814 583 910 668 uellet
925 581 964 645 de
981 585 1137 665 capitibus
1152 574 1263 649 aneu

135 693 310 777 Religionis
342 695 427 755 circa
459 691 588 760 matrim.
620 693 716 753 mixte
749 674 918 752 'secundum
949 692 1137 777 sententiam
1168 691 1271 781 (lonN

78 780 81 787 ⁵
137 802 325 873 stitutionis,
349 800 527 862 libertatem
558 815 720 883 sacrorum
751 802 781 858 et
813 799 1026 861 conscientiae
1062 799 1234 863 sancientis

104 914 107 923 '
137 906 327 990 explicandis
359 904 411 968 vel
442 906 535 969 modo
570 904 791 968 Constitutioni
817 904 1026 967 conveniente
1052 905 1271 987 abrogandas

100 1032 119 1051 ,-
136 996 222 1078 Haec
248 1016 370 1086 oratio,
397 1013 626 1103 consultatione
651 1012 776 1082 habita,
803 1029 863 1093 qua
890 1010 927 1101 ab
954 1013 1097 1076 omnibus
1113 1013 1271 1093 partibi-

135 1140 189 1184 res
213 1120 365 1185 illustrata
391 1126 477 1190 erat,
507 1117 557 1180 76.
586 1119 792 1182 Senatoribus
815 1119 971 1199 Episcopo
988 1118 1245 1183 adversantibus

137 1247 251 1293 novem
268 1227 532 1317 assentientibus,
551 1245 590 1289 eo
607 1229 705 1306 magis
723 1226 884 1306 repudiata
903 1232 963 1299 est,
980 1227 1061 1307 quod
1079 1226 1271 1310 Episcopu

29 1372 32 1378 ·
135 1339 205 1416 ipse
228 1335 317 1427 hanc⁸
336 1351 463 1395 causam
489 1330 525 1393 ad
552 1331 753 1401 Ministerium
778 1333 910 1413 Regium
930 1332 1050 1394 iamlam
1077 1332 1265 1399 detulisse

138 1442 326 1506 Gubernium
350 1456 446 1511 vero,
474 1437 679 1500 consideratis
704 1439 777 1501 hinc
792 1439 1074 1519 postulationibus,
1103 1457 1182 1521 quas
1198 1441 1227 1503 b
1241 1466 1271 1508 a

135 1553 168 1611 in
183 1566 219 1610 re
236 1549 328 1611 Curia
345 1544 467 1629 Papalis
485 1545 559 1607 alibi
582 1552 783 1616 asseruerat,
801 1549 964 1627 perpensis
980 1547 1084 1619 illinc,
1103 1566 1202 1628 quae,
1253 1574 1271 1615 s

137 1654 254 1716 talibus
278 1652 461 1714 indulsisset
482 1651 670 1730 postulatis,
703 1652 735 1714 ln
761 1653 1048 1736 Wiirtembergiam
1080 1654 1271 1725 redundare

5 1780 9 1785 ·
138 1778 275 1824 necesse
291 1767 376 1821 esset
392 1757 588 1841 incommoda
615 1759 824 1831 inevitabilia,
849 1762 928 1822 tales
952 1767 1118 1842 tantasque
1140 1763 1271 1845 ubique

31 1924 38 1942 ,
139 1867 269 1931 offendit
286 1866 503 1941 difficultates,
530 1872 564 1927 ut
579 1864 617 1927 de
635 1867 792 1930 mutandis
809 1871 892 1930 circa
909 1875 998 1931 matr.
1016 1871 1113 1931 mixta
1130 1869 1261 1952 legibus

75 1994 78 2001 ¹
138 1975 189 2037 rel
205 1974 355 2037 tantillum
371 1975 513 2052 cogitare
531 1981 703 2035 vereretur.
765 2002 768 2007 ·
1225 1981 1242 2035 .’

77 2156 89 2175 5
227 2083 338 2166 Legati
359 2080 606 2145 Foederatorum
630 2081 852 2160 Principumet
869 2068 1034 2146 Civitatum
1052 2080 1243 2151 Germaniae,

38 2244 41 2249 .
139 2195 191 2273 qui
207 2210 234 2253 a.
257 2189 513 2253 misecamus
531 2191 630 2251 sacris
642 2191 743 2252 stabili
761 2191 851 2253 modo
870 2189 1052 2254 ordinandis
1070 2209 1141 2253 oum
1164 2192 1240 2253 Curia

51 2338 55 2387 ;
137 2299 242 2380 Papali
260 2302 496 2379 transegerunt,
512 2297 545 2357 in
560 2296 659 2359 literis
678 2297 716 2359 ad
733 2295 825 2360 Suam
841 2273 1049 2360 Eminentiam
1060 2297 1237 2361 Cardinalen
1268 2314 1271 2329 ·

3 2429 6 2434 ·
140 2405 290 2470 Consalvi
306 2404 355 2481 dd.
374 2403 506 2485 3..Sept.
526 2401 620 2466 1819.
638 2404 718 2467 datis
735 2412 841 2485 aperte
854 2412 1094 2492 exposuerunt,
1111 2418 1239 2487 quasnam
1267 2436 1271 2451 ι

54 2518 57 2526 “
92 2504 95 2509 ’
139 2515 280 2576 rationes
296 2511 450 2575 Gubernla
467 2509 652 2574 Germanica
665 2513 749 2574 circa
762 2514 889 2575 matrim.
906 2515 1002 2574 mima¹
1016 2519 1146 2595 prepter
1162 2524 1250 2592 pecu·
1266 2526 1271 2589 ζ

139 2623 234 2683 lieres
246 2628 400 2685 terrarum
417 2637 543 2684 suarum
556 2621 752 2683 conditiones
765 2622 852 2700 sequi
864 2628 1026 2700 cogantur.
1043 2621 1110 2682 Hae
1121 2622 1232 2682 rationes
1269 2642 1271 2669 ε

11 2732 27 2794 .’
63 2726 66 2731 “
139 2729 231 2792 bodie
249 2728 422 2791 adhucdum
439 2729 562 2800 valent,
580 2728 784 2809 eandemque,
810 2746 899 2808 quam
918 2727 1009 2805 olim,
1031 2730 1161 2809 exigunt
1175 2739 1232 2787 cot·

141 2836 374 2899 siderationem.
391 2835 424 2896 ln
441 2842 546 2905 terra,
565 2837 652 2897 cuius
669 2835 843 2897 incolarum
859 2835 905 2896 bis
923 2836 1013 2897 tertia
1031 2852 1104 2914 pars
1121 2853 1160 2897 ex
1174 2832 1231 2894 no-

139 2942 327 3006 restantibus
344 2950 486 3013 constat,
504 2942 578 3004 talia
597 2940 747 3014 decreta,
766 2943 856 3023 quale
874 2949 942 3004 est:
968 2941 1080 3014 „nelas
1100 2959 1168 3003 esse
1182 2951 1232 2998 me·

142 3053 315 3113 trimonium
342 3053 415 3112 iniri
440 3051 522 3111 inter
548 3047 727 3112 catholicos
753 3057 783 3111 et
808 3051 1041 3115 Protestantes,
1068 3056 1099 3110 et
1121 3044 1231 3111 nelarias

15 3140 17 3147 ¹
81 3182 84 3187 ·
140 3177 213 3220 usse
237 3158 395 3241 legitimas
421 3158 526 3219 talium
554 3150 818 3220 matrimoniorum
845 3158 1122 3237 consequentiam,
1155 3144 1231 3215 asseri

139 3269 333 3347 nequaquam
350 3273 490 3347 possunt.
509 3265 625 3336 Quodsi
643 3266 740 3344 igitur
758 3267 787 3325 in
804 3271 963 3344 posterum
979 3263 1123 3325 Ecclesia
1139 3258 1231 3323 Cutha·

39 3370 43 3381 “
138 3377 198 3436 lica
214 3374 353 3454 legitime
371 3375 529 3453 interpres
547 3373 733 3433 matrimonii
749 3370 876 3432 ineundi
893 3389 965 3432 esse
983 3370 1087 3443 debet,
1105 3376 1165 3430 tum
1180 3358 1230 3443 qul·

14 3487 16 3493 ’
78 3554 81 3559 ¹
141 3481 209 3540 dom
226 3479 457 3541 conditionibus
475 3485 506 3538 et
522 3477 662 3539 formulis
688 3477 843 3558 adstringi
860 3480 987 3558 nequit,
1015 3495 1095 3557 quae
1114 3465 1231 3537 carboli

143 3604 248 3647 corum
266 3582 452 3646 multitudini
469 3601 532 3645 non
550 3584 640 3645 inodo
653 3583 947 3646 nonsatisluct'urae
966 3590 1082 3654 essent,
1101 3568 1238 3644 seuerius
1269 3584 1271 3667 l

34 3726 37 3735 =
59 3690 84 3707 “’
139 3710 195 3773 pro
217 3691 310 3772 signo
329 3690 554 3768 despiciendae
572 3708 649 3769 erga
667 3689 794 3750 alteram
813 3674 1071 3760 consessionem,
1088 3683 1232 3750 secundm

141 3797 375 3863 Constitutionis
401 3796 491 3877 leges
517 3797 644 3877 paribus
671 3798 854 3859 instructam
881 3798 1018 3872 iuribuS,
1044 3816 1106 3861 non
1128 3785 1236 3876 possett

141 3926 205 3970 non
221 3905 340 3978 baberi,
358 3911 388 3963 et
405 3904 445 3964 ob.
461 3903 492 3964 id
509 3905 609 3983 ipsum
627 3905 818 3967 dissensioni
832 3914 998 3977 sectarum,
1015 3908 1046 3968 in
1064 3923 1140 3988 paco
1157 3898 1237 3964 adlut⁷

142 4021 224 4076 inter
241 4029 275 4072 se
292 4012 423 4073 invicem
440 4009 640 4090 degentium,
667 4015 821 4093 originem
838 4022 945 4074 essent
961 4013 1168 4094 praebiturae.
1184 4004 1243 4066 Gt‘

39 4178 42 4183 .
142 4120 282 4182 bernium
301 4116 622 4197 qurtembergicum,
649 4138 833 4200 quamquam
851 4123 977 4182 sincero
995 4123 1099 4182 animo
1115 4116 1241 4200 paratum

50 4210 53 4215 ¹
144 4243 269 4307 operam
286 4243 372 4287 suern
389 4222 489 4284 cuivis
507 4229 752 4304 temperamento
771 4225 985 4298 commodare,
1009 4226 1089 4307 qirod
1106 4223 1193 4287 dubiis
1205 4211 1238 4270 b.

140 4333 288 4413 Episcopi
304 4333 386 4393 circa
404 4331 595 4392 matrimonia
612 4334 708 4393 mixta
724 4334 884 4415 inopinato
903 4336 1022 4395 exortis
1040 4354 1108 4396 cum
1125 4326 1237 4394 omniutn

42 4496 47 4507 .
141 4443 275 4521 partium
300 4452 459 4502 consensu
483 4437 599 4500 mederi
626 4442 744 4518 possit,
770 4448 872 4504 tameo
898 4441 1004 4506 oflicio
1022 4442 1230 4523 numquanrl‘
