2798 4860
576 303 619 321 -
654 261 732 339 592
752 304 816 339 .··-

130 453 370 527 currcreduntur,
387 452 517 517 sublatis
530 454 645 518 virtute
663 454 753 518 huius
770 454 894 519 articuli
910 458 1184 522 commissionibus
1193 461 1240 522 sub

132 561 306 626 directione
323 559 471 626 Gubernii
495 562 530 623 lt.
549 563 698 626 hacteuus
725 562 914 626 celebratis“
943 594 982 608 -
1020 550 1082 627 Sua
1108 562 1241 648 llajestas

129 671 227 751 Regia
243 671 274 733 in
289 668 493 734 Resolutioue
528 668 637 733 1626.
656 669 726 733 llaii
747 668 839 733 1791.
858 681 1054 755 nequaquam
1071 673 1243 749 ratihabuit,

128 785 290 843 reservata
314 780 470 860 Episcopo
505 768 660 859 potestate
696 776 799 857 quoad
824 795 861 840 ea
888 776 1099 854 decernendi,
1126 780 1244 861 quaeat

132 895 236 967 partes
255 888 390 950 muneris
406 886 489 950 illius
507 886 672 967 pertinent.
691 885 730 947 Et
746 887 874 948 merito:
893 884 1046 949 articulus
1065 889 1147 950 enim
1163 905 1264 969 prae.

133 974 245 1059 allatus
262 995 451 1083 Episcopum
468 991 659 1057 0611611666]
671 999 788 1057 ‘contra
805 978 907 1056 omnia
918 991 1084 1056 Ecclesiae
1104 995 1243 1078 principia

130 1100 229 1165 Statui
255 1101 345 1165 civiti
369 1101 548 1174 subiicere,
579 1099 769 1181 sublatoque
803 1097 1008 1163 Hierarchiae
1043 1101 1243 1174 fundamento,

132 1207 264 1271 eundem
281 1211 313 1273 in
329 1210 388 1285 iis,
415 1226 496 1289 quae
512 1210 623 1271 stricte
645 1205 752 1271 adres
770 1184 926 1290 dogmatis
943 1214 1111 1289 spectant,
1136 1209 1243 1273 asum

132 1316 223 1380 Civili
250 1293 478 1397 dependentem
504 1316 611 1379 lacere
637 1313 836 1378 intendebat:
861 1314 946 1396 quod
972 1316 1000 1379 si
1015 1315 1124 1398 reipsa
1141 1316 1243 1380 lactum

131 1423 261 1502 luisset,
284 1422 482 1505 Religionem
500 1422 692 1489 Catholicam
708 1442 778 1487 cum
795 1422 1056 1487 confessionibus
1074 1423 1242 1498 Protestau:

43 1541 47 1547 ·
131 1531 205 1594 ticis‘
221 1530 383 1606 conlundi,
395 1549 454 1594 nec
464 1530 666 1612 iamamplius
678 1529 876 1612 Religionem
887 1518 1092 1609 Catholicam‚
1113 1529 1244 1594 autcon-

129 1638 296 1704 lessionem
329 1637 519 1701 Helveticam
549 1636 600 1700 vel
633 1636 846 1719 Augustarum
880 1636 931 1700 vel
965 1637 1161 1720 Unitariam,
1200 1635 1244 1701 sed

131 1749 226 1811 cbaos
253 1745 406 1826 quoddam
432 1765 473 1808 ex
494 1747 542 1808 his
568 1752 702 1825 quatuor
724 1744 930 1829 religionibus
954 1747 1065 1809 enasci
1095 1748 1243 1826 oportuis-

131 1860 198 1928 set,
232 1861 342 1918 contra
365 1853 503 1917 disertos
520 1859 648 1916 tenores
675 1854 773 1934 Appr.
799 1859 857 1915 art.
874 1850 903 1914 3.
921 1855 953 1924 §.
974 1852 1003 1914 1.
1021 1850 1047 1913 E
1065 1853 1178 1933 quibus
1200 1846 1244 1913 iam

130 1968 238 2043 suapte
263 1963 486 2042 consequitur,
522 1960 709 2041 Episcopum
736 1961 945 2024 Catholicum-
964 1958 997 2023 in
1022 1958 1241 2024 Transsilvania

128 2077 282 2149 tamquam
313 2065 543 2131 catholicorum
576 2067 673 2148 Caput
703 2073 862 2150 potestate
894 2067 1073 2130 irrestricta
1119 2066 1241 2150 gaudere
1273 2146 1275 2151 .

129 2174 256 2240 eosdem
273 2178 304 2247 16
320 2175 415 2238 rebus
433 2175 532 2237 sacris
550 2174 765 2239 astatuCivill
776 2174 1029 2251 independenter
1045 2172 1237 2259 gubernandi,

129 2291 162 2347 et
185 2284 262 2347 ritus
286 2301 395 2348 sacros
421 2283 453 2344 in
478 2282 747 2353 administratione
774 2281 1051 2346 sacramentorum
1066 2284 1158 2347 iuxta
1181 2296 1239 2343 nor·

130 2409 209 2453 mam
234 2391 396 2454 Ecclesiae
426 2390 583 2453 Romanae
615 2391 869 2472 praescribendi,
896 2392 970 2471 quin
997 2398 1172 2474 eapropter
1185 2397 1238 2452 uto·

129 2499 211 2562 latae
228 2498 308 2580 legis
325 2499 446 2572 civilis,
464 2505 516 2562 aut
533 2497 641 2563 laesae
666 2498 862 2579 aequalitatis
881 2505 912 2562 et
927 2498 1085 2564 libertatis
1113 2476 1238 2580 receptr-

128 2625 196 2669 rum
217 2606 457 2671 uortesstonnm
473 2607 624 2687 postulari
642 2614 746 2688 queat.

219 2825 249 2884 a.
268 2822 357 2897 Quod
373 2823 404 2885 in
421 2826 527 2903 specie
552 2831 750 2906 praetensam
773 2823 853 2887 banc
870 2824 1061 2904 religionum
1082 2822 1236 2906 aequalita-

130 2937 192 2993 tem
217 2931 397 3002 concernit,
424 2930 654 2995 obscrvandum
672 2939 740 2994 est:
769 2931 1026 2998 constitutionem
1055 2934 1177 2997 Patriae
1190 2943 1237 2993 uo·

131 3045 235 3110 strae,
257 3037 327 3102 dum
354 3045 487 3119 quatuor
501 3046 646 3122 receptas
664 3040 839 3121 religiones
856 3039 958 3120 quoad
976 3039 1114 3103 liberum
1131 3053 1236 3103 suorum

27 3185 30 3191 ,
128 3145 240 3208 iurium
256 3147 442 3209 exercitium
459 3146 607 3226 aequales
619 3146 705 3224 lecit,
724 3146 763 3209 de
774 3147 915 3211 articulis
932 3146 1006 3211 fidei
1024 3154 1058 3208 et
1070 3148 1111 3210 de
1128 3152 1236 3215 6116166

127 3233 588 3335 Religionumorganisatione
615 3255 691 3317 nihil
718 3255 932 3337 disposuisse,
964 3253 1024 3318 sed
1053 3262 1169 3319 tantum
1194 3266 1236 3331 per

127 3361 222 3441 Appr.
241 3362 348 3425 Const.
367 3362 389 3424 l.
408 3365 453 3426 tit.
476 3362 501 3425 1.
520 3370 576 3424 art.
594 3362 625 3426 3.
643 3371 735 3427 66166
755 3364 930 3447 subjecisse
949 3381 1027 3435 eos,
1057 3368 1111 3446 qui
1127 3361 1236 3427 inerti·

128 3468 205 3532 culis
223 3469 294 3533 1161
305 3470 355 3532 vel
365 3470 529 3551 religionis
546 3489 602 3535 seu
619 3475 650 3534 in
665 3475 795 3552 privatis
813 3490 870 3535 seu
886 3470 1022 3554 publicis
1042 3470 1235 3536 conventibus

127 3579 362 3643 innovationem
379 3586 535 3641 tentarent
552 3581 720 3662 inducerc3
737 3598 832 3660 porro
850 3587 907 3641 art.
920 3581 950 3642 2.
971 3580 1103 3644 easdem
1122 3585 1236 3660 quatuor

125 3684 296 3766 religiones
321 3688 389 3750 6166
415 3687 476 3749 6116
502 3690 714 3750 coarctatione
738 3677 789 3749 aut
806 3687 1035 3770 principiorum
1054 3688 1233 3768 661661616-

125 3790 308 3856 srtendorum
334 3795 542 3875 prohibitione
572 3796 752 3873 recepisse3
781 3799 838 3856 art.
865 3790 895 3854 4.
924 3800 1029 3855 autem
1065 3796 1234 3858 exteriorem

125 3901 393 3964 coordinationem
428 3901 650 3981 Superioribus
688 3900 921 3964 Ecclesiasticis
954 3902 1175 3973 commisisse,
1208 3914 1235 3960 ea

124 4009 226 4086 quoad
251 4007 439 4091 Episcopum
467 4011 657 4073 Catholicum
692 4027 761 4072 cum
794 4009 989 4080 reflexione,
1033 4029 1127 4093 quam
1161 4022 1234 4087 supra

124 4116 249 4178 citatum
265 4117 462 4200 Rescriptum
480 4116 878 4181 11166179166611661.
898 4115 1141 4183 Observandum
1157 4128 1234 4201 porro

126 4226 193 4280 est:
211 4225 258 4286 ius
276 4227 473 4305 aequalitatis
485 4228 566 4288 inter
579 4233 711 4307 quatuor
728 4224 900 4307 religiones
919 4244 978 4306 per
996 4234 1057 4290 art.
1076 4225 1139 4290 532
1158 4220 1233 4287 1191.

126 4328 338 4395 confirmatum
359 4351 421 4397 non
439 4334 498 4396 alio
516 4353 606 4415 quam
623 4332 752 4417 politico
770 4350 864 4418 sensu
882 4333 987 4416 accipi
1005 4350 1123 4415 posse,
1140 4337 1234 4417 quate·

123 4435 1112 4524 66661616611661116616161666666166166666166161
1128 4439 1232 4508 inducat
