2798 4852
514 261 752 334 -511-

57 449 177 529 deant3
201 453 263 515 imo
280 453 382 535 potius
399 452 445 514 sio
462 462 644 535 comparata
664 473 749 534 esse,
767 459 962 542 utpericula,
981 480 1060 543 quae
1076 483 1186 531 remo-

59 575 141 622 vere
158 559 305 639 cupiunt,
331 566 483 643 augeant.
508 559 679 644 signanter
705 582 800 646 quum
825 566 981 632 Proceres
1006 574 1191 651 gravamina

59 664 219 729 adversus
234 666 363 730 clerum
378 673 410 730 et
427 666 582 748 Regimen
599 669 693 733 allata
710 689 768 753 pro
785 673 899 738 talibus
916 692 979 740 non
996 685 1187 758 agnoscant,

59 789 123 835 nec
140 771 294 847 accedere
310 781 445 853 possunt
470 773 509 838 ad
526 777 609 858 hoo,
634 784 668 840 ut
684 777 746 842 Sua
762 779 909 844 Maiestas
933 789 1101 857 exoretur,
1128 802 1191 868 quo

60 877 188 945 clerum
213 880 405 944 catholicum
435 881 474 944 ad
498 880 605 966 legum
622 885 858 949 observantiam
875 887 1059 952 efficacibus
1076 890 1189 953 mediis

60 990 219 1069 stringat,
244 986 432 1068 Encyelioas
447 989 633 1055 Praesuleas
650 992 807 1074 improbet
824 1001 856 1056 et
873 996 996 1068 irritet,
1031 994 1192 1060 Placetum

59 1093 201 1177 Regium
216 1093 309 1159 Brevi
325 1094 491 1159 Pontificio
508 1095 764 1180 superinductum
780 1106 941 1164 retractet.
967 1101 1190 1186 Praeterquam

59 1201 165 1274 enim,
191 1198 274 1280 quod
299 1219 358 1283 pro
383 1208 456 1265 noto
480 1201 722 1286 religiosissimo
741 1205 898 1286 Principis
924 1208 1060 1272 iustitiae
1085 1211 1190 1275 studio

60 1326 126 1374 neo
144 1309 279 1392 supponi
293 1310 412 1388 possit,
444 1309 529 1373 illum
547 1318 637 1374 extra
653 1313 765 1375 limites
783 1313 886 1377 civilis
912 1330 1080 1397 supremae
1096 1324 1193 1398 pote*

62 1417 250 1480 statissuae
268 1414 470 1481 excurrendo
494 1416 673 1482 libertatem
696 1420 921 1495 eonscientiae,
940 1439 1030 1502 quam
1046 1426 1195 1504 respectu

62 1523 249 1606 quorumvis
266 1522 460 1587 subditorum
478 1502 607 1587 suorum
631 1531 694 1587 tam
716 1531 824 1587 sancte
842 1533 1040 1603 manutenet,
1058 1534 1192 1593 -tantum

60 1631 167 1696 relate
183 1628 223 1693 ad
240 1628 363 1694 Clerum
373 1628 567 1695 Catholicum
584 1632 710 1695 minime
726 1634 875 1697 luiturum
885 1653 895 1710 ;
912 1634 1200 1718 insuperingenue·

60 1737 213 1803 confiteri
230 1745 388 1821 coguntur
412 1738 586 1812 Prooeres‚
618 1758 676 1822 per
692 1742 855 1820 proposita
875 1759 892 1802 a
910 1739 1049 1807 statibus
1076 1749 1108 1806 et
1124 1739 1191 1825 00.

40 1844 218 1917 remedia,
236 1847 264 1908 si
281 1847 409 1909 etiama
433 1846 549 1909 Tabula
573 1845 742 1915 Procerum
768 1854 1034 1931 acceptarentur‚
1066 1846 1196 1913 dissidia

63 1951 274 2034 religionaria
307 1969 375 2016 non
406 1951 499 2017 modo
530 1969 594 2016 non
637 1951 808 2029 sublatum,
840 1951 897 2017 sed
935 1955 1039 2035 potius
1070 1961 1195 2018 auctum

65 2058 128 2133 iri,
169 2065 304 2122 mutuam
346 2060 420 2121 item
462 2057 543 2120 inter
588 2056 781 2141 Regnicolas
822 2058 996 2124 animorum
1037 2058 1199 2123 abaliena-

63 2168 188 2232 tionem
205 2173 237 2228 et
252 2164 529 2228 exacerbationem
548 2166 778 2245 enascituram,
803 2173 896 2248 atque
920 2174 1080 2249 postremo
1106 2174 1196 2251 parte

61 2291 108 2338 ex
126 2274 228 2355 aliqua
244 2270 338 2335 talem
364 2271 474 2336 nelors
490 2273 688 2336 reaoticnem
706 2275 919 2352 exorituram,
958 2274 1047 2339 cuius
1063 2253 1197 2339 sollicita

61 2381 250 2466 praecautio
276 2378 314 2443 ad
347 2380 561 2442 sanctissimas
588 2380 737 2461 Corporis
762 2381 947 2465 Legislativi
981 2382 1196 2465 obligationes
1317 2381 1323 2393 ‘

62 2484 404 2575 pertinetdonsultius
421 2486 563 2570 proinde,
580 2496 611 2551 et
629 2487 666 2550 ad
683 2487 867 2553 devitandas
878 2492 1004 2570 quasvis
1015 2490 1196 2554 dissensio-

64 2613 127 2660 nes
144 2575 388 2678 religionarias,
421 2594 717 2676 occurrendumque
743 2594 827 2659 omni
844 2597 1014 2666 anxietati,
1040 2598 1067 2658 si
1083 2613 1198 2677 quaec
1320 2674 1327 2681 ἱ

14 2719 21 2725 ·
68 2704 294 2786 quaestionata
310 2699 493 2763 Praesulum
510 2698 625 2784 agendi
649 2701 774 2764 ratione
790 2701 982 2785 Regnicolas
998 2707 1199 2786 occupasset,

68 2810 283 2894 opportunius
300 2808 370 2872 lare
386 2815 520 2871 censent
534 2806 711 2881 Prooeres‚
728 2806 876 2871 sistatur
893 2815 925 2871 et
942 2806 1008 2871 00.
1025 2795 1120 2870 ductu
1137 2825 1198 2871 eo·

17 2926 22 2933 '
66 2937 152 2990 rum,
180 2933 258 2998 quae
274 2917 335 2978 iam
352 2915 410 2977 sub
427 2913 585 2995 prioribus
603 2912 742 2976 Comitiis
758 2916 919 2996 proposita
934 2919 1017 2994 sunt,
1043 2911 1198 2978 fiduciali·

66 3034 123 3089 ter
139 3022 225 3087 bisce
240 3022 403 3103 provocati
421 3017 508 3081 adid
526 3019 743 3080 accesserint:
768 3024 803 3079 ut
818 3016 881 3080 Sua
896 3017 1045 3081 Maiestas
1062 3035 1122 3100 ope
1137 3017 1200 3080 lic·

67 3129 336 3216 praesentationis
354 3126 393 3190 de
410 3133 494 3189 statu
511 3126 704 3206 quaestionis
715 3124 856 3187 breviter
867 3122 980 3202 edocto
996 3121 1099 3188 denuo
1117 3140 1199 3188 exo-

66 3246 178 3321 retur,
204 3254 266 3317 quc
282 3234 365 3319 legis
381 3235 559 3317 proiectum
586 3232 618 3294 in
644 3233 775 3316 negotio
791 3231 967 3313 Religionis
994 3230 1198 3310 spostremis
1288 3308 1291 3313 Ι

65 3345 214 3410 comitiis
230 3343 443 3414 substratum,
469 3341 634 3423 signanter
659 3344 689 3412 §-
707 3337 738 3402 3.
754 3346 786 3402 et
801 3338 833 3400 4.
851 3340 902 3418 qui
929 3337 968 3400 de
987 3336 1191 3421 copulatione
1234 3425 1235 3429 Ἰ

71 3468 265 3536 sponsorum
283 3450 428 3513 diversae
445 3447 613 3529 religionis
630 3454 662 3509 et
678 3446 867 3510 educatione
882 3445 1016 3526 prolium
1034 3451 1143 3527 agunt,
1162 3440 1202 3515 l)

72 3567 108 3623 et
135 3559 223 3622 iuxta
241 3573 321 3639 qnos
338 3573 432 3619 casus
452 3553 661 3637 denegandae
687 3552 953 3617 matrimoniorum
979 3551 1084 3615 talium
1099 3550 1203 3614 bene-

70 3665 224 3732 dictionis
244 3663 376 3747 amplius
394 3662 574 3726 subversori
590 3663 709 3743 nequit,
726 3658 1066 3740 sanctionesuallegia
1082 3656 1203 3720 munire

74 3773 237 3856 dignetur.

31 3886 51 3927 ’-
168 3878 257 3951 Quod
276 3874 315 3939 ad
333 3882 438 3939 cetera
455 3875 652 3956 prolectatae
669 3891 727 3956 per
744 3871 849 3937 Status
868 3868 978 3937 aoOO'.
995 3873 1204 3954 Repraesen-

74 3985 205 4050 tationis
221 3989 334 4066 puncta
351 3983 482 4046 attinet:
509 3981 611 4045 relate
637 3979 675 4043 ad
697 3979 870 4044 Processus
897 3989 1009 4046 contra
1036 3976 1203 4043 nonnullos

72 4090 315 4156 Ecclesiastioos
333 4088 429 4152 ductu
445 4095 503 4152 art.
521 4076 587 4150 14:'
608 4085 704 4149 1647.
732 4107 789 4170 per
817 4087 978 4177 quospiam
995 4083 1199 4151 lurisdiotic-

77 4217 137 4282 nes
153 4197 299 4263 Politicas
318 4197 500 4270 suscitatos
518 4203 548 4260 et
564 4213 620 4276 per
636 4193 861 4259 cancellariam
878 4194 912 4258 a.
931 4195 1068 4259 submitti
1082 4195 1206 4275 jussos,

151 4441 184 4508 ⁴¹)
200 4440 239 4495 cl.
255 4443 320 4494 Tem.
338 4445 367 4494 2·
386 4442 454 4494 Mon.
470 4443 531 4495 367.
543 4459 600 4512 pap.
615 4444 679 4498 696.
