2798 4852
568 322 629 385 .·-
662 277 739 350 aaa
774 320 817 336 .-

129 477 192 540 26:
220 474 320 540 ltau
331 475 392 537 line
411 472 616 535 stabiliendae
632 479 806 554 perpetuae
823 472 905 534 inter
922 470 1115 552 Regnicolas
1132 472 1243 537 barmo-

129 583 202 646 niae
225 589 256 645 et
281 582 404 645 unionis
429 579 570 661 perlatus
596 581 739 654 exstitit,
765 579 807 639 ita
833 581 945 641 novior
969 578 1065 641 etiarn
1091 579 1243 642 bacinno

129 686 291 752 condenda
309 687 363 750 lex
382 686 419 748 ad
436 703 497 778 quo
515 688 632 750 arctius
644 681 868 762 adstringenda
887 687 985 775 mutui
1002 685 1121 748 amoris
1137 692 1168 748 et
1183 704 1244 748 oon·

79 877 81 880 v
131 795 260 860 cordiae
276 795 411 864 vincula,
429 793 568 856 tollenda
579 795 653 855 item
665 792 794 872 quaevis
811 792 1042 855 dissensionum
1060 791 1245 855 interdivar·

131 921 237 974 uarum
254 902 444 979 religionum
462 907 493 961 et
516 900 749 963 confessionum
766 898 890 962 Patriae
908 902 996 962 cives
1012 900 1144 969 semina,
1165 917 1245 978 prae·

129 1008 282 1072 locandas
310 1008 445 1086 denique
472 1008 639 1069 continuas
670 1023 766 1086 super
800 1009 927 1069 materia
964 1005 1022 1068 lrao
1050 1024 1123 1068 cum
1150 1006 1245 1068 damno

128 1114 351 1196 religiositatis
379 1120 410 1173 et
427 1110 611 1174 moralitatis
636 1113 759 1173 iunctas
786 1111 926 1193 publicas
951 1101 1040 1174 iuxta
1058 1130 1096 1173 aa
1113 1113 1242 1194 privatas

132 1217 382 1293 decertationes,
401 1219 595 1295 efficaciter,
612 1225 664 1294 et,
681 1225 826 1301 quantum
845 1219 1005 1306 pervices
1021 1236 1131 1281 rerum
1147 1219 1244 1281 buma-

131 1347 240 1391 narum
256 1327 401 1396 licuerit,
429 1333 579 1407 perpetua
606 1325 637 1386 in
654 1331 795 1406 tempora
811 1325 925 1397 ducat,
953 1328 1039 1388 omni
1056 1343 1118 1406 qua
1135 1333 1244 1408 pareat

85 1428 90 1435 ’
131 1452 206 1497 eura
225 1439 256 1494 et
284 1431 386 1495 studio
413 1439 532 1493 mature
560 1429 767 1511 expendisse,
793 1430 966 1510 iisdemque
989 1431 1057 1494 Dl).
1075 1431 1245 1494 Statibuset

133 1539 199 1602 00.
216 1538 391 1620 significari
408 1537 547 1619 benigne
563 1540 718 1600 iussisse:
788 1619 792 1629 Ι
1124 1555 1128 1562 ·

220 1646 319 1730 Quum
345 1654 475 1728 praeter
499 1664 590 1720 eum,
617 1663 709 1725 quem
735 1643 798 1706 ut).
826 1644 933 1707 Status
960 1653 991 1707 et
1017 1643 1085 1710 00.
1105 1652 1245 1709 contextu

42 1798 45 1803 -
128 1759 260 1827 s-crum
288 1754 318 1815 l.
336 1753 368 1813 4.
388 1761 418 1815 et
436 1755 467 1813 5.
484 1759 682 1834 proponunt,
710 1752 749 1814 de
777 1752 980 1819 matrimoniis
1004 1753 1112 1815 mixtis
1129 1771 1167 1815 ac
1184 1753 1245 1814 reli·

40 1930 62 1938 ,Α
130 1861 226 1943 gione
252 1860 387 1942 prolium
415 1878 456 1922 ex
472 1856 583 1921 iisdem
609 1857 876 1936 suscipiendarum
892 1856 964 1938 lego
981 1857 1171 1940 providendi
1189 1874 1245 1919 mo·

134 1967 216 2038 dum,
229 1966 327 2029 altera
340 1969 430 2046 etiam
451 1984 514 2028 non
527 1967 625 2027 minus
636 1963 782 2027 salutaris
794 1983 830 2026 ae
847 1981 978 2036 secura,
998 1965 1167 2046 principali
1184 1979 1246 2027 vero

130 2070 378 2152 praesalvandae
395 2071 552 2133 libertatis
565 2060 790 2140 conscientiae,
802 2077 834 2133 et
845 2071 1036 2133 avertendae
1047 2074 1149 2135 omnis
1160 2091 1175 2133 a
1186 2089 1246 2151 par·

131 2180 215 2241 tibus
232 2181 326 2240 mixta
343 2176 459 2239 idmodi
477 2178 631 2240 connubia
648 2178 727 2238 inire
745 2176 923 2240 volentibus
941 2177 1069 2241 moralis
1087 2179 1246 2241 coactionis

131 2285 252 2346 obtutui
263 2287 364 2364 magis
375 2283 571 2364 respondens
583 2284 1095 2364 suppetatmeritumautelatorum
1109 2291 1246 2361 §sorum

129 2389 316 2471 expediendi
342 2393 443 2454 ratio:
470 2389 626 2452 altelatam
653 2390 745 2454 Suam
769 2388 895 2474 blattam
922 2388 1049 2453 SSmam
1076 2391 1117 2452 ab
1141 2411 1198 2462 eo,
1221 2395 1248 2449 ut

91 2502 92 2505 ’
130 2497 235 2576 proles
252 2498 283 2556 in
301 2499 404 2559 mixtis
430 2497 635 2558 matrimoniis
653 2496 917 2579 progenerandae
935 2496 968 2558 in
984 2496 1147 2576 religione
1163 2497 1246 2576 patris

94 2618 99 2627 ·
132 2602 328 2679 educentur,
347 2604 479 2665 alienam
497 2603 619 2684 quidem
637 2623 699 2666 non
718 2622 789 2665 esse
797 2625 805 2678 3
823 2622 914 2684 quum
933 2602 1138 2666 nihilominus
1155 2605 1208 2664 hac
1222 2602 1246 2662 in

128 2711 333 2791 generalitate
364 2710 494 2773 serenda
526 2711 577 2772 lex
606 2729 673 2772 oum
705 2713 835 2790 praevio
862 2709 1016 2772 libertatis
1041 2709 1245 2771 eonscientiae

130 2817 283 2894 principio
301 2833 363 2876 non
382 2816 474 2875 aliter
491 2815 635 2894 componi
652 2816 772 2894 quiret,
794 2834 884 2893 quam
902 2818 928 2876 si
945 2833 1044 2895 penes
1062 2815 1145 2877 hanc
1162 2834 1247 2896 spon-

130 2923 173 2981 sis
190 2918 383 2982 diversarum
409 2923 595 3001 religionum
623 2921 662 2980 de
684 2922 786 2982 lutura
805 2921 922 2982 sobolis
940 2939 1016 2982 suae
1035 2922 1067 2983 in
1086 2922 1246 3002 religione,

51 3098 54 3107 1
131 3044 210 3104 quac
227 3027 303 3105 ipsis
330 3027 523 3108 optatissima
549 3025 725 3098 videbitur,
754 3027 942 3090 educatione
969 3034 1080 3088 mutuo
1100 3033 1248 3089 consensu

76 3123 80 3133 “
128 3133 226 3193 libore
244 3134 452 3195 conveniendi
469 3135 601 3194 facultas
619 3136 746 3214 integra
764 3133 867 3200 fucrit,
887 3132 978 3196 Suam
991 3132 1122 3196 blattem
1139 3132 1247 3195 SSmam

21 3242 24 3248 '
129 3239 265 3315 benigue
292 3239 493 3301 desiderare:
518 3246 551 3300 ut
570 3242 693 3319 sponsis
721 3239 835 3300 talibus
861 3242 910 3301 ius
934 3242 1108 3302 occasione
1127 3248 1246 3304 contra·

129 3346 304 3407 hendorum
331 3366 387 3425 per
414 3346 540 3408 eosdem
562 3347 828 3408 matrimoniorum
847 3364 940 3426 super
956 3364 1014 3422 eo,
1036 3350 1067 3409 in
1087 3364 1246 3428 quanama

127 3442 199 3530 lege
216 3456 354 3533 receptis
380 3453 569 3514 christianae
593 3452 664 3514 fidei
684 3454 939 3516 confessionibus
955 3454 1063 3534 proles
1082 3473 1160 3517 suas
1178 3453 1245 3515 edu·

131 3565 217 3618 catas
244 3559 361 3620 habere
388 3559 505 3634 velint,
531 3559 647 3621 liberas
675 3561 903 3623 conventiones
929 3561 1092 3642 pangendi
1113 3561 1244 3641 >perlecta

130 3683 197 3726 curn
213 3665 437 3743 reciprocitatc
465 3668 547 3729 omni
564 3666 655 3727 modo
673 3665 791 3726 salvum
809 3672 1008 3746 praestetur,
1035 3683 1074 3726 eo
1094 3667 1205 3732 addito,
1220 3668 1245 3723 ut

130 3772 349 3850 stipulationes
376 3772 453 3832 tales
481 3771 625 3851 perlecto
653 3778 872 3839 contractuum
890 3776 921 3831 et
937 3751 1173 3849 stipulationum
1189 3771 1242 3848 pri·

128 3885 269 3939 ratarum
280 3881 392 3958 vigore
405 3880 486 3941 omni
498 3881 529 3940 in
545 3896 621 3955 casn
635 3877 780 3957 polleant,
800 3885 830 3938 et
848 3878 972 3940 nonnisi
990 3878 1046 3939 ubi
1064 3887 1155 3955 pacta
1167 3877 1241 3937 simi-

127 3982 168 4043 lia
181 3985 260 4047 haud
273 3985 493 4055 succederent,
506 3992 558 4045 aut
570 3993 678 4064 partes
690 3992 888 4065 competente
901 3987 976 4063 ipsis
992 3984 1177 4065 paciscendi
1188 3985 1241 4043 iure

129 4088 189 4150 hoc
206 4093 249 4152 uti
266 4092 394 4164 nollent,
416 4095 593 4154 nascituros
615 4091 695 4155 illam
715 4092 832 4153 liberos
852 4092 1151 4172 religionempatris
1167 4085 1240 4167 sequi

130 4193 246 4258 debere
263 4202 481 4262 constituatur.
499 4199 616 4262 [lorum
630 4203 756 4261 innexu
772 4202 862 4280 proin
879 4196 972 4261 Suam
990 4196 1119 4261 blattam
1135 4197 1237 4261 SSmam

130 4299 265 4379 benigne
282 4322 417 4383 cupere.
444 4312 477 4366 ut
493 4305 684 4368 substratum
701 4305 781 4386 legis
799 4307 973 4386 proiectum
991 4323 1052 4386 per
1068 4306 1133 4366 Dl).
1150 4304 1237 4365 Status

131 4410 162 4463 et
180 4403 242 4466 00.
260 4412 411 4492 principio
428 4414 499 4476 huic
517 4413 690 4494 adaequate
709 4411 953 4491 adtemperetur‚
974 4420 1070 4494 atque
1088 4417 1132 4475 sic
1151 4405 1234 4473 nundi·
