2798 4852
338 215 901 427 ' ‘''‘¹⁰.⁸‘”

123 471 270 555 prolium
284 489 303 532 e
319 424 431 534 talibus
448 471 651 541 matrimoniis
669 416 915 556 prognatorum·
930 475 1118 539 sanctionis
1132 478 1256 562 legalis,

129 576 497 657 atqueususmnltiplici
513 574 709 640 diversitate.
734 580 901 660 Antiquam
918 580 1082 646 Ecclesiae
1098 583 1257 666 ilungari-
1316 602 1320 617 ¹

127 702 192 748 cac
207 683 240 746 in
264 691 416 765 respectu
440 685 546 747 talium
569 670 838 749 matrimoniorum
866 684 1061 767 disciplinam
1088 693 1180 753 etiarn
1204 682 1261 752 leri·

127 790 276 863 Patriae,-
285 792 434 869 articulus
451 796 564 877 quippe
581 792 642 855 26:
672 792 789 872 lilllss.
807 794 1011 870 confirmavit,
1029 803 1061 859 et
1075 803 1261 861 caucasea-³

129 899 300 972 biliardae
308 903 347 964 ιιι
362 910 547 981 perpetuum
563 900 741 983 Catholicae
758 903 841 965 inter
858 911 892 964 et
907 903 1118 986 Evangelicos
1134 908 1255 968 utrius-

129 1027 197 1088 que
213 1007 438 1071 ·Conlessionis
464 1025 523 1070 nec
550 1024 613 1071 non
638 1007 781 1071 Graecos
803 1011 1020 1074 schismaticos
1053 1014 1138 1091 pacis
1164 1021 1257 1094 atque

128 1117 317 1193 lundoniae
328 1115 592 1178 eamauctoritate
604 1115 684 1196 legis
702 1116 801 1178 ciuilis
817 1118 1028 1189 communivit,
1046 1120 1258 1200 universaque

127 1223 250 1284 mixtae
274 1219 439 1300 religionis
469 1222 661 1284 matrimonia
695 1238 791 1284 curae
819 1222 906 1287 Cleri
937 1223 1088 1288 Catholici
1112 1227 1258 1307 subiecit.

128 1328 354 1417 Praxlmhanc
370 1334 402 1389 et
413 1347 501 1391 nsum
510 1327 645 1408 legalem
662 1327 825 1391 Ecclesiae
842 1329 1048 1412 llungarioae
1059 1350 1100 1394 ex
1110 1332 1263 1395 incidenti·

127 1443 280 1500 orianum.
290 1438 373 1499 inter
387 1435 540 1518 Regimen
550 1435 750 1498 Borussicum
760 1444 790 1497 et
799 1444 918 1517 partem
933 1439 1128 1502 subditorum
1139 1438 1260 1501 Callia:

129 1545 273 1627 licorum
288 1544 319 1604 in
334 1545 432 1605 variis
448 1543 587 1606 eiusdem
602 1542 704 1624 Regni
720 1544 1088 1626 Provinciisdegentium
1105 1546 1258 1609 dilleren-

129 1653 250 1715 tiarum
265 1651 571 1740 turbare-iustisque
588 1657 699 1715 eontra
716 1649 839 1713 Clarum
856 1649 1048 1719 Catholioum
1074 1656 1258 1734 praesertim

128 1760 289 1835 moderno
303 1765 442 1840 tempore
459 1776 568 1821 ansam
583 1759 736 1836 praebere
752 1756 988 1839 gravaminibus
1005 1775 1043 1819 eo
1060 1759 1160 1822 minus
1178 1776 1259 1823 con·

128 1853 337 1930 sultum'esse
353 1881 482 1941 censeo,
500 1863 584 1945 quod
600 1866 694 1926 secus
710 1865 857 1939 favores,
884 1881 964 1945 quos
987 1868 1115 1946 praevia
1130 1867 1183 1927 lex
1194 1867 1261 1930 Ca-'

130 1973 263 2036 tlrolicis
279 1973 399 2045 tribuit,
416 1971 583 2034 manifesto
594 1969 735 2050 periculo
753 1972 949 2035 obiiciantur.
975 1971 1260 2051 Calamitatesrcro

131 2100 207 2146 oum
224 2072 385 2144 nonnulli-s
401 2081 566 2142 mixtorum
583 2085 671 2143 matr.
688 2068 840 2159 prolibus,
857 2077 1061 2140 seductiones
1077 2085 1108 2140 et
1119 2076 1259 2163 delecti*-

132 2187 370 2275 ones.sollicita
388 2185 571 2270 Curatorum
588 2183 750 2266 vigilantia
767 2185 928 2266 praeverti
945 2189 1098 2264 possunt,
1116 2191 1147 2246 et
1164 2200 1260 2265 saepe

134 2291 502 2377 etiam'praevertuntur.
528 2293 595 2365 Ouo
612 2287 729 2356 maiora
748 2309 829 2354 nunc
855 2291 1049 2354 intentantur
1069 2293 1281 2359 reinostrae.

132 2404 297 2485 pericula,
324 2421 363 2489 eo
376 2401 480 2464 maior
497 2399 670 2462 adhibenda
687 2406 737 2462 est
754 2415 829 2461 curn
842 2406 939 2491 ¹alque
958 2397 1136 2480 vigilantia,
1153 2414 1194 2459 ne
1208 2400 1261 2460 in·

136 2511 279 2575 discreto
306 2510 378 2575 zelo
404 2496 525 2588 abrepti
550 2525 645 2570 causa
671 2499 971 2590 praevertendorum
997 2505 1206 2585 periculorum
1230 2513 1264 2571 et

134 2619 352 2691 molestiarum
374 2617 563 2696 permixtae
580 2615 744 2695 religionis
760 2614 954 2679 matrimonia
978 2619 1265 2713 progeneratarum

121 2711 367 2822 ‚longemaiora
383 2722 493 2796 damna
521 2731 553 2786 et
579 2721 771 2802 praeiudicia
800 2716 1020 2801 tristioresque
1046 2719 1193 2800 sequelae
1211 2720 1268 2782 rei·
1318 2731 1321 2736 ·

136 2814 315 2903 catholicae
340 2829 565 2895 adsciscamus
591 2829 658 2912 Ego
672 2830 766 2893 hao'
759 2847 792 2893 m
807 2835 900 2906 parte
917 2821 1109 2907 disciplinam
1125 2833 1157 2890 et
1173 2835 1268 2890 nsum·

136 2942 302 3036 Ecclesiae
313 2940 512 3022 Hungaricae
528 2958 587 3021 pro
598 2937 718 3006 viribus
735 2944 937 2999 manutenere
948 2932 1144 3013 contendam,
1161 2932 1263 2998 donec

137 3029 275 3113 catonus
289 3048 513 3112 universaliter
534 3045 617 3126 aliud
644 3048 793 3107 statutum
818 3060 885 3137 non
901 3024 1011 3105 luerit
1002 3084 1011 3117 ,
1036 3037 1208 3120 etquidem
1224 3054 1267 3102 eo

138 3158 314 3242 adornari,
331 3155 557 3238 quodidipsnm
573 3143 1269 3232 altissimisquoqueSnaellaiestatisSSmae
1342 3180 1351 3217 ς

138 3266 249 3347 Regis·
264 3266 362 3327 nostri
378 3263 575 3347 apostolici,
600 3261 650 3323 ula
668 3259 742 3321 Exc.
759 3256 891 3320 Consilii
917 3252 1004 3317 RLH.
1025 3251 1077 3314 (ιιι.
1094 3240 1148 3316 30
1165 3249 1265 3333 April:

141 3372 240 3437 1839.
262 3371 336 3435 Νιο.
352 3359 475 3434 16306
492 3368 625 3451 signans
642 3364 808 3429 ordmrbus
819 3361 1071 3428 commendetur
1090 3357 1156 3441 Sig.
1181 3355 1265 3425 inS.

137 3483 244 3549 Crucc
260 3478 310 3542 die
325 3475 378 3540 23.
396 3476 468 3539 Maii
489 3473 583 3538 1839.
602 3472 762 3555 Josephus
779 3469 965 3548 Beldnsnlsy,
982 3468 1098 3548 lippus.
1133 3498 1137 3508 ·
1261 3474 1265 3483 ’

554 3714 568 3729 ··
626 3692 749 3793 ,ιιι
778 3642 803 3725 J
856 3661 888 3779 f

142 3850 254 3935 Altera
262 3816 536 3948 llcpraesenlalio
548 3847 724 3953 llistriclus
739 3877 756 3918 e
770 3856 1028 3931 Congregatione
1039 3869 1146 3919 mense
1161 3853 1266 3935 Augu·
1267 3898 1271 3921 ἱ
1321 3837 1326 3844 ’

497 3956 574 4012 sto
588 3971 607 4011 ιι
619 3954 709 4064 3839.
721 3948 894 4043 celebraia.

190 4099 387 4190 ·Ilolenter
413 4124 640 4186 intellexerunt
667 4122 774 4186 Cureti
799 4115 903 4183 lruins'
917 4098 1104 4189 oismcms,
1129 4061 1273 4174 mentem·
1309 4108 1329 4162 .’

141 4255 258 4302 eornm
270 4234 308 4298 do
326 4235 430 4296 mixtis
447 4232 657 4308 matrimoniis
665 4230 794 4311 absque
813 4224 981 4307 sufficienti
998 4220 1150 4284 cautione
1160 4217 1272 4281 omni*
1284 4199 1287 4203 ⁵

141 4368 203 4425 um
200 4320 361 4426 prolium
353 4342 486 4412 inflatia.
501 4340 569 4401 licl.
586 4337 817 4401 educandorum
835 4334 919 4395 initis
929 4327 1168 4411 sicexpositam
1181 4312 1271 4396 esse,-

141 4475 189 4563 ac
195 4456 236 4523 ιιι
230 4452 335 4537 didam
347 4450 544 4552 nmtrlmouia
560 4448 634 4513 talia
651 4463 713 4526 pro
725 4441 874 4526 legitimis
891 4456 953 4534 non
971 4441 1200 4519 agnosffcerent
1216 4430 1275 4529 nbi·
1297 4456 1301 4461 ·

145 4580 147 4584 ‘
976 4558 1058 4628 36*
