2798 4852
581 323 638 336 ..
667 280 743 388 439
761 324 831 369 ..-

134 469 265 535 beatum
283 490 352 536 cum
369 471 575 535 ulterioribus
593 492 632 535 ex
653 473 756 537 indole
774 477 841 538 eius
857 478 1017 557 requisitis
1032 478 1267 560 provisionibus

133 579 312 643 altissimae
335 579 492 644 sanctioni
510 597 608 662 ocyus
629 583 741 644 iterum
759 583 966 648 submittatur.
992 586 1151 660 Viennae,
1168 588 1220 652 die
1236 591 1266 653 5.

137 684 220 751 tutti
237 685 334 751 1843.

662 816 749 890 604.
966 893 969 900 ,

221 963 391 1022 Resolutlo
410 965 513 1036 Regia
532 966 572 1022 de
584 969 636 1023 25.
650 966 757 1026 Martii
772 970 864 1026 asta.
879 970 911 1026 ln
925 969 1039 1026 eodem
1054 972 1180 1028 merito.

228 1095 345 1160 Sacrae
381 1095 557 1161 Caesareae
584 1107 615 1161 ct
640 1101 674 1161 tt.
700 1099 811 1182 Apost.
843 1100 1014 1165 Maiestatis
1047 1103 1172 1164 nomine
1198 1109 1259 1164 etc.

133 1206 161 1270 tt
179 1206 345 1268 tenoribus
362 1203 518 1286 benignae
542 1206 753 1270 Resolutionis
770 1225 847 1289 erga
864 1210 1036 1290 proiectum
1053 1210 1135 1290 legis
1152 1210 1183 1270 in
1200 1226 1260 1269 ne-

132 1313 227 1392 gotio
252 1311 426 1392 Religionis
452 1312 501 1372 dd.
528 1315 560 1374 5.
587 1314 660 1376 tulii
686 1333 712 1373 a.
741 1334 770 1395 p.
799 1314 899 1378 editae
916 1319 994 1379 satis
1017 1318 1215 1397 perspicuum
1232 1315 1264 1376 id

130 1435 231 1479 esse:
257 1416 414 1479 altelatam
432 1415 523 1478 Suam
540 1418 733 1480 Maiestatem
752 1418 884 1492 SSmam,
903 1419 974 1483 dum
990 1420 1139 1485 Dominos
1156 1421 1210 1485 SS.
1229 1429 1260 1483 et
1311 1468 1315 1477 .

131 1523 202 1585 00.
231 1522 267 1583 ad
293 1523 523 1605 proponendam
551 1525 583 1586 in
608 1543 702 1587 sensu
729 1527 868 1589 eiusdem
895 1527 1008 1590 intuitu
1035 1527 1262 1608 religionariae

131 1629 331 1694 educationis
357 1632 489 1713 prolium
516 1651 555 1694 ex
579 1633 724 1695 ineundis
752 1632 901 1713 deinceps
928 1635 1029 1696 mixtis
1057 1635 1262 1696 matrimoniis

132 1740 364 1801 nasciturorum
382 1740 472 1801 aliam
489 1740 521 1802 in
537 1757 596 1803 suo
622 1741 773 1822 principio
792 1749 851 1802 tam
869 1741 1038 1825 salutarem
1057 1759 1147 1822 quam
1164 1758 1261 1803 secu-

130 1863 202 1907 ram
226 1845 440 1925 provisionem
470 1847 610 1925 benigne
642 1848 795 1920 inviaret,
829 1848 858 1910 id
888 1865 984 1929 scopo
1010 1846 1262 1930 praesalvandae

130 1953 290 2015 libertatis
307 1953 531 2026 conscientiae,
542 1954 665 2034 hocque
677 1954 797 2015 diserte
809 1953 968 2016 declarato
981 1953 1113 2016 consilio
1125 1953 1261 2015 iecisse:

130 2067 169 2121 ut
186 2077 203 2119 a
221 2061 361 2140 partibus
379 2062 472 2122 mixta
490 2061 644 2123 connubia
671 2061 847 2124 ineuntibus
866 2063 987 2136 omnis,
1004 2079 1094 2140 quam
1111 2058 1261 2122 ferendae

132 2183 207 2230 eam
224 2167 256 2227 in
272 2183 336 2227 rem
355 2168 557 2246 imperatione
574 2167 656 2249 legis
668 2167 834 2249 dispositio
848 2167 1024 2239 induceret,
1036 2168 1156 2229 coactio
1169 2184 1265 2226 aver-

133 2281 244 2343 tatur,
262 2274 393 2353 talisque
411 2277 530 2336 ineatur
546 2277 606 2351 via,
625 2293 705 2355 quae
722 2275 885 2356 principiis
902 2275 1093 2346 Catholicae,
1112 2273 1261 2335 aliarum-

132 2397 197 2459 que
215 2379 287 2462 lege
303 2387 500 2462 receptarum
516 2381 704 2464 religionum
722 2382 770 2445 vel
789 2389 1000 2445 consentanea
1013 2384 1063 2459 sit,
1079 2380 1130 2442 vel
1148 2381 1256 2442 saltem

135 2503 199 2549 non
217 2487 420 2569 praeiudicet.

228 2594 314 2667 Quae
331 2593 453 2659 Domini
472 2595 575 2658 Status
593 2603 624 2657 et
643 2595 710 2660 00.
727 2599 783 2659 sub
800 2596 830 2658 8.
846 2595 921 2659 Julii
938 2615 965 2657 a.
979 2614 1008 2684 p.
1027 2596 1086 2659 hoc
1103 2597 1133 2656 in
1151 2591 1261 2662 rnerito

134 2700 299 2765 Alteiotae
325 2703 406 2767 Suae
433 2703 588 2765 Maiestati
605 2703 719 2767 SSmae
736 2706 997 2774 substraverunt,
1014 2701 1105 2764 novis
1122 2698 1259 2763 Eandem

135 2810 319 2890 pensitasse
335 2811 429 2880 curis,
446 2819 477 2872 et
493 2828 551 2891 pro
569 2809 709 2874 candore
726 2811 905 2874 Altissimao
923 2811 1034 2875 mentis
1052 2826 1129 2870 suoo
1148 2805 1259 2868 decla·
1323 2809 1327 2817 '

134 2915 203 2978 rari
220 2913 359 2976 Dominis
377 2915 429 2977 SS.
442 2922 473 2975 et
490 2913 556 2976 00.
569 2917 728 2997 benigne
722 2921 862 2981 iussisse:
882 2934 938 2996 per
956 2936 1004 2991 ea,
1023 2934 1101 3006 quae
1117 2916 1261 2995 Reprae-

135 3002 319 3083 sentatione
344 3023 402 3083 hac
428 3022 648 3128 continentqr,
681 3023 818 3085 Eandem
835 3042 851 3084 a
869 3024 961 3102 paulo
987 3030 1058 3084 ante
1074 3021 1258 3103 praemissis
1357 3094 1360 3098 Ι

133 3129 297 3192 obtutibus
323 3128 473 3192 dimoveri
498 3147 561 3190 non
586 3095 747 3210 potuisse,
781 3148 915 3210 esseque
941 3130 1098 3190 itaanimo
1122 3125 1260 3206 henigne

134 3244 364 3313 comparatam,
395 3243 428 3296 ut
447 3236 477 3296 in
495 3234 598 3315 legem
626 3236 788 3308 eiusmodi,
812 3236 901 3297 cuius
923 3235 1105 3313 imperativa
1123 3230 1261 3310 disposi-

132 3345 242 3412 tione,
276 3341 529 3421 imponendaque
556 3340 649 3403 alicui
677 3341 871 3422 obligatione
903 3339 1060 3423 principiis
1083 3355 1158 3399 suae
1184 3335 1261 3397 reli-

135 3449 244 3529 gionis
262 3449 415 3511 contraria
440 3448 576 3511 libertati
603 3449 883 3519 conscientiarum,
918 3466 1008 3529 quam
1028 3447 1120 3508 etiam
1138 3444 1261 3504 Domini

137 3554 193 3620 SS.
221 3562 253 3617 et
276 3553 340 3617 00.
366 3558 398 3617 in
416 3555 523 3616 eadem
552 3555 685 3616 demissa
710 3573 766 3617 sua
791 3555 1063 3618 Remonstratione
1082 3548 1259 3615 omnimode

136 3662 257 3726 salvam
281 3662 398 3724 habere
424 3662 570 3742 eupiunt,
597 3663 645 3723 vis
663 3641 872 3743 quaecunque
888 3661 1079 3731 inferretur,
1111 3655 1260 3719 assentiri

135 3776 283 3851 nequeat.
308 3769 475 3831 Altelatam
493 3771 597 3849 itaque
614 3769 705 3832 Suam
724 3769 915 3832 Maiestatem
932 3767 1071 3839 SSrnam,
1089 3772 1259 3846 quantum-

136 3879 186 3940 vis
205 3875 384 3938 Catholicae
402 3875 558 3956 Religioni
575 3875 706 3937 firmiter
723 3875 903 3947 adhaereat,
921 3892 988 3936 cum
1006 3873 1203 3936 nihilominus
1221 3888 1261 3930 ex
1332 3936 1336 3941 ¹
1375 3868 1378 3875 ’

136 3984 248 4046 obtutu
265 3989 326 4044 turn
348 3982 500 4044 libertatis
529 3982 761 4051 conscientiae,
789 3988 851 4042 tum
869 3982 1057 4043 enunciatae
1075 3980 1106 4039 in
1124 3994 1259 4057 praere-

135 4092 233 4173 petita
251 4091 384 4173 benigna
402 4090 606 4153 Resolutienc
626 4088 728 4169 quoad
746 4089 878 4170 prolium
896 4107 913 4149 o
930 4089 1033 4149 mixtis
1051 4084 1257 4145 matrimoniis

136 4205 352 4279 susceptarum
381 4197 563 4278 religiosam
589 4196 802 4258 educationem
827 4195 988 4277 perlectae
1014 4191 1259 4272 reciprooitatis,

136 4308 330 4370 matrimonia
365 4305 438 4366 talia
471 4305 693 4367 contrahentes
720 4305 749 4366 in
776 4301 961 4384 exequendo
986 4301 1085 4364 relate
1114 4299 1154 4361 ad
1180 4300 1261 4377 hanc

137 4413 355 4477 educationem
371 4421 519 4495 suscepto
537 4413 699 4494 proposito
717 4428 776 4474 suo
794 4409 934 4490 impediri
954 4429 1014 4472 non
1032 4408 1174 4490 possint3
1195 4407 1255 4466 ho-
