<?xml version="1.0" encoding="UTF-8"?>
<!DOCTYPE html PUBLIC "-//W3C//DTD XHTML 1.0 Transitional//EN"
    "http://www.w3.org/TR/xhtml1/DTD/xhtml1-transitional.dtd">
<html xmlns="http://www.w3.org/1999/xhtml" xml:lang="en" lang="en">
 <head>
  <title>
</title>
<meta http-equiv="Content-Type" content="text/html;charset=utf-8" />
  <meta name='ocr-system' content='tesseract 3.04.00' />
  <meta name='ocr-capabilities' content='ocr_page ocr_carea ocr_par ocr_line ocrx_word'/>
</head>
<body>
  <div class='ocr_page' id='page_1' title='image "./dematrimoniismi00roskgoog_0570.png"; bbox 0 0 2798 4852; ppageno 0'>
   <div class='ocr_carea' id='block_1_1' title="bbox 581 247 828 365">
    <p class='ocr_par' dir='ltr' id='par_1_1' title="bbox 581 247 828 365">
     <span class='ocr_line' id='line_1_1' title="bbox 581 247 828 365; baseline -0.012 -61"><span class='ocrx_word' id='word_1_1' title='bbox 581 247 828 365; x_wconf 12' lang='grc'><strong>’,4783-</strong></span> 
     </span>
    </p>
   </div>
   <div class='ocr_carea' id='block_1_2' title="bbox 130 439 1363 4356">
    <p class='ocr_par' dir='ltr' id='par_1_2' title="bbox 132 439 1258 734">
     <span class='ocr_line' id='line_1_2' title="bbox 132 439 1249 526; baseline 0.004 -24"><span class='ocrx_word' id='word_1_2' title='bbox 132 440 243 523; x_wconf 88' lang='lat' dir='ltr'><strong>legem</strong></span> <span class='ocrx_word' id='word_1_3' title='bbox 258 439 320 503; x_wconf 89' lang='lat' dir='ltr'><strong>hoc</strong></span> <span class='ocrx_word' id='word_1_4' title='bbox 336 442 368 502; x_wconf 94' lang='lat' dir='ltr'><strong>in</strong></span> <span class='ocrx_word' id='word_1_5' title='bbox 385 439 487 521; x_wconf 87' lang='lat' dir='ltr'><strong>capite</strong></span> <span class='ocrx_word' id='word_1_6' title='bbox 515 439 708 505; x_wconf 81' lang='lat' dir='ltr'><strong>atterendam</strong></span> <span class='ocrx_word' id='word_1_7' title='bbox 736 460 809 504; x_wconf 92' lang='lat' dir='ltr'><strong>esse</strong></span> <span class='ocrx_word' id='word_1_8' title='bbox 824 443 1019 525; x_wconf 85' lang='lat' dir='ltr'><strong>Regnicolae</strong></span> <span class='ocrx_word' id='word_1_9' title='bbox 1037 445 1078 507; x_wconf 64' lang='lat' dir='ltr'><strong>‘in</strong></span> <span class='ocrx_word' id='word_1_10' title='bbox 1094 449 1249 526; x_wconf 76' lang='lat' dir='ltr'><strong>postremi</strong></span> 
     </span>
     <span class='ocr_line' id='line_1_3' title="bbox 132 537 1258 633; baseline 0.003 -22"><span class='ocrx_word' id='word_1_11' title='bbox 132 548 273 612; x_wconf 79' lang='lat' dir='ltr'><strong>comitiis</strong></span> <span class='ocrx_word' id='word_1_12' title='bbox 303 545 375 608; x_wconf 90' lang='lat' dir='ltr'><strong>ideo</strong></span> <span class='ocrx_word' id='word_1_13' title='bbox 402 550 598 629; x_wconf 87' lang='lat' dir='ltr'><strong>potissimum</strong></span> <span class='ocrx_word' id='word_1_14' title='bbox 615 554 810 621; x_wconf 84' lang='lat' dir='ltr'><strong>statuerunt,</strong></span> <span class='ocrx_word' id='word_1_15' title='bbox 837 550 920 633; x_wconf 83' lang='lat' dir='ltr'><strong>quod</strong></span> <span class='ocrx_word' id='word_1_16' title='bbox 945 537 1085 631; x_wconf 88' lang='lat' dir='ltr'><strong>provisio</strong></span> <span class='ocrx_word' id='word_1_17' title='bbox 1111 555 1258 633; x_wconf 81' lang='lat' dir='ltr'><strong>passivae</strong></span> 
     </span>
     <span class='ocr_line' id='line_1_4' title="bbox 136 653 836 734; baseline 0.001 -17"><span class='ocrx_word' id='word_1_18' title='bbox 136 653 341 719; x_wconf 80' lang='lat' dir='ltr'><strong>assistentiae</strong></span> <span class='ocrx_word' id='word_1_19' title='bbox 359 655 435 734; x_wconf 91' lang='lat' dir='ltr'><strong>ipsis</strong></span> <span class='ocrx_word' id='word_1_20' title='bbox 454 672 651 734; x_wconf 85' lang='lat' dir='ltr'><strong>summopere</strong></span> <span class='ocrx_word' id='word_1_21' title='bbox 668 672 767 719; x_wconf 84' lang='lat' dir='ltr'><strong>exosa</strong></span> <span class='ocrx_word' id='word_1_22' title='bbox 784 657 836 718; x_wconf 89' lang='lat' dir='ltr'><strong>sit.</strong></span> 
     </span>
    </p>

    <p class='ocr_par' dir='ltr' id='par_1_3' title="bbox 130 758 1307 1679">
     <span class='ocr_line' id='line_1_5' title="bbox 229 758 1266 828; baseline 0.007 -7"><span class='ocrx_word' id='word_1_23' title='bbox 229 758 376 824; x_wconf 85' lang='lat' dir='ltr'><strong>Ceterum</strong></span> <span class='ocrx_word' id='word_1_24' title='bbox 402 761 502 825; x_wconf 88' lang='lat' dir='ltr'><strong>relate</strong></span> <span class='ocrx_word' id='word_1_25' title='bbox 529 762 567 824; x_wconf 90' lang='lat' dir='ltr'><strong>ad</strong></span> <span class='ocrx_word' id='word_1_26' title='bbox 604 760 837 826; x_wconf 79' lang='lat' dir='ltr'><strong>declarationes</strong></span> <span class='ocrx_word' id='word_1_27' title='bbox 863 764 1057 828; x_wconf 85' lang='lat' dir='ltr'><strong>Summarum</strong></span> <span class='ocrx_word' id='word_1_28' title='bbox 1083 765 1266 828; x_wconf 86' lang='lat' dir='ltr'><strong>Pontificum</strong></span> 
     </span>
     <span class='ocr_line' id='line_1_6' title="bbox 134 866 1266 951; baseline 0.005 -23"><span class='ocrx_word' id='word_1_29' title='bbox 134 866 302 931; x_wconf 85' lang='lat' dir='ltr'><strong>Benedicti</strong></span> <span class='ocrx_word' id='word_1_30' title='bbox 330 867 380 929; x_wconf 85' lang='grc'><strong>14.</strong></span> <span class='ocrx_word' id='word_1_31' title='bbox 398 875 430 930; x_wconf 89' lang='lat' dir='ltr'><strong>et</strong></span> <span class='ocrx_word' id='word_1_32' title='bbox 447 869 617 931; x_wconf 90' lang='lat' dir='ltr'><strong>Clementis</strong></span> <span class='ocrx_word' id='word_1_33' title='bbox 636 867 686 931; x_wconf 85' lang='lat'><strong>13.</strong></span> <span class='ocrx_word' id='word_1_34' title='bbox 704 888 752 931; x_wconf 90' lang='lat' dir='ltr'><strong>me</strong></span> <span class='ocrx_word' id='word_1_35' title='bbox 780 869 818 932; x_wconf 92' lang='lat' dir='ltr'><strong>ad</strong></span> <span class='ocrx_word' id='word_1_36' title='bbox 836 873 958 951; x_wconf 89' lang='lat' dir='ltr'><strong>priores</strong></span> <span class='ocrx_word' id='word_1_37' title='bbox 976 889 1061 933; x_wconf 90' lang='lat' dir='ltr'><strong>meas</strong></span> <span class='ocrx_word' id='word_1_38' title='bbox 1078 870 1188 935; x_wconf 88' lang='lat' dir='ltr'><strong>literas</strong></span> <span class='ocrx_word' id='word_1_39' title='bbox 1206 872 1266 934; x_wconf 91' lang='lat' dir='ltr'><strong>de-</strong></span> 
     </span>
     <span class='ocr_line' id='line_1_7' title="bbox 135 974 1267 1057; baseline 0.006 -23"><span class='ocrx_word' id='word_1_40' title='bbox 135 977 235 1037; x_wconf 86' lang='lat' dir='ltr'><strong>misse</strong></span> <span class='ocrx_word' id='word_1_41' title='bbox 258 991 419 1054; x_wconf 88' lang='lat' dir='ltr'><strong>provoco,</strong></span> <span class='ocrx_word' id='word_1_42' title='bbox 451 974 545 1055; x_wconf 87' lang='lat' dir='ltr'><strong>idque</strong></span> <span class='ocrx_word' id='word_1_43' title='bbox 571 993 667 1038; x_wconf 91' lang='lat' dir='ltr'><strong>unum</strong></span> <span class='ocrx_word' id='word_1_44' title='bbox 693 995 853 1039; x_wconf 90' lang='lat' dir='ltr'><strong>memoro:</strong></span> <span class='ocrx_word' id='word_1_45' title='bbox 880 974 964 1057; x_wconf 83' lang='lat' dir='ltr'><strong>quod</strong></span> <span class='ocrx_word' id='word_1_46' title='bbox 989 975 1206 1040; x_wconf 85' lang='lat' dir='ltr'><strong>Protestantes</strong></span> <span class='ocrx_word' id='word_1_47' title='bbox 1234 978 1267 1041; x_wconf 91' lang='lat' dir='ltr'><strong>in</strong></span> 
     </span>
     <span class='ocr_line' id='line_1_8' title="bbox 134 1081 1265 1166; baseline 0.006 -25"><span class='ocrx_word' id='word_1_48' title='bbox 134 1081 299 1162; x_wconf 86' lang='lat' dir='ltr'><strong>Hungaria</strong></span> <span class='ocrx_word' id='word_1_49' title='bbox 317 1089 348 1142; x_wconf 90' lang='lat' dir='ltr'><strong>et</strong></span> <span class='ocrx_word' id='word_1_50' title='bbox 364 1081 585 1144; x_wconf 87' lang='lat' dir='ltr'><strong>haereditariis</strong></span> <span class='ocrx_word' id='word_1_51' title='bbox 601 1081 749 1145; x_wconf 86' lang='lat' dir='ltr'><strong>Austriae</strong></span> <span class='ocrx_word' id='word_1_52' title='bbox 768 1082 938 1146; x_wconf 85' lang='lat' dir='ltr'><strong>ditionibus</strong></span> <span class='ocrx_word' id='word_1_53' title='bbox 958 1084 1112 1166; x_wconf 84' lang='lat' dir='ltr'><strong>degentes</strong></span> <span class='ocrx_word' id='word_1_54' title='bbox 1129 1084 1167 1147; x_wconf 92' lang='lat' dir='ltr'><strong>ad</strong></span> <span class='ocrx_word' id='word_1_55' title='bbox 1185 1103 1265 1156; x_wconf 83' lang='lat' dir='ltr'><strong>ean-</strong></span> 
     </span>
     <span class='ocr_line' id='line_1_9' title="bbox 134 1187 1266 1267; baseline 0.005 -19"><span class='ocrx_word' id='word_1_56' title='bbox 134 1187 210 1250; x_wconf 93' lang='lat' dir='ltr'><strong>dem</strong></span> <span class='ocrx_word' id='word_1_57' title='bbox 227 1206 358 1267; x_wconf 89' lang='lat' dir='ltr'><strong>prorsus</strong></span> <span class='ocrx_word' id='word_1_58' title='bbox 376 1191 559 1251; x_wconf 86' lang='lat' dir='ltr'><strong>societatem</strong></span> <span class='ocrx_word' id='word_1_59' title='bbox 577 1191 699 1253; x_wconf 89' lang='lat' dir='ltr'><strong>ratione</strong></span> <span class='ocrx_word' id='word_1_60' title='bbox 716 1192 827 1253; x_wconf 81' lang='lat' dir='ltr'><strong>iunium</strong></span> <span class='ocrx_word' id='word_1_61' title='bbox 839 1208 965 1254; x_wconf 89' lang='lat' dir='ltr'><strong>suorum</strong></span> <span class='ocrx_word' id='word_1_62' title='bbox 976 1199 1039 1254; x_wconf 87' lang='lat' dir='ltr'><strong>tum</strong></span> <span class='ocrx_word' id='word_1_63' title='bbox 1051 1192 1187 1254; x_wconf 87' lang='lat' dir='ltr'><strong>civilium</strong></span> <span class='ocrx_word' id='word_1_64' title='bbox 1203 1198 1266 1254; x_wconf 92' lang='lat' dir='ltr'><strong>tum</strong></span> 
     </span>
     <span class='ocr_line' id='line_1_10' title="bbox 130 1295 1266 1382; baseline 0.002 -25"><span class='ocrx_word' id='word_1_65' title='bbox 130 1295 415 1378; x_wconf 89' lang='lat' dir='ltr'><strong>religionariorum</strong></span> <span class='ocrx_word' id='word_1_66' title='bbox 432 1298 627 1374; x_wconf 87' lang='lat' dir='ltr'><strong>pertineant,</strong></span> <span class='ocrx_word' id='word_1_67' title='bbox 653 1305 781 1379; x_wconf 88' lang='lat' dir='ltr'><strong>propter</strong></span> <span class='ocrx_word' id='word_1_68' title='bbox 808 1316 899 1377; x_wconf 81' lang='lat' dir='ltr'><strong>quam</strong></span> <span class='ocrx_word' id='word_1_69' title='bbox 923 1298 1052 1361; x_wconf 92' lang='lat' dir='ltr'><strong>eosdem</strong></span> <span class='ocrx_word' id='word_1_70' title='bbox 1071 1317 1087 1359; x_wconf 91' lang='lat' dir='ltr'><strong>a</strong></span> <span class='ocrx_word' id='word_1_71' title='bbox 1104 1299 1177 1382; x_wconf 84' lang='lat' dir='ltr'><strong>lege</strong></span> <span class='ocrx_word' id='word_1_72' title='bbox 1194 1298 1266 1359; x_wconf 87' lang='lat' dir='ltr'><strong>Tri-</strong></span> 
     </span>
     <span class='ocr_line' id='line_1_11' title="bbox 133 1387 1307 1490; baseline 0.001 -27"><span class='ocrx_word' id='word_1_73' title='bbox 133 1387 266 1490; x_wconf 83' lang='lat' dir='ltr'><strong>dentina</strong></span> <span class='ocrx_word' id='word_1_74' title='bbox 284 1402 506 1466; x_wconf 89' lang='lat' dir='ltr'><strong>matrimoniali</strong></span> <span class='ocrx_word' id='word_1_75' title='bbox 523 1407 674 1467; x_wconf 87' lang='lat' dir='ltr'><strong>immunes</strong></span> <span class='ocrx_word' id='word_1_76' title='bbox 686 1422 768 1475; x_wconf 90' lang='lat' dir='ltr'><strong>esse,</strong></span> <span class='ocrx_word' id='word_1_77' title='bbox 786 1405 932 1484; x_wconf 86' lang='lat' dir='ltr'><strong>hancque</strong></span> <span class='ocrx_word' id='word_1_78' title='bbox 944 1422 1030 1467; x_wconf 94' lang='lat' dir='ltr'><strong>suam</strong></span> <span class='ocrx_word' id='word_1_79' title='bbox 1042 1394 1265 1471; x_wconf 85' lang='lat' dir='ltr'><strong>immunitatem</strong></span> <span class='ocrx_word' id='word_1_80' title='bbox 1305 1484 1307 1489; x_wconf 10' lang='grc' dir='ltr'><strong>λ</strong></span> 
     </span>
     <span class='ocr_line' id='line_1_12' title="bbox 137 1501 1266 1589; baseline 0.001 -19"><span class='ocrx_word' id='word_1_81' title='bbox 137 1511 172 1571; x_wconf 92' lang='lat' dir='ltr'><strong>in</strong></span> <span class='ocrx_word' id='word_1_82' title='bbox 190 1509 291 1571; x_wconf 88' lang='lat' dir='ltr'><strong>mixtis</strong></span> <span class='ocrx_word' id='word_1_83' title='bbox 309 1517 398 1571; x_wconf 86' lang='lat' dir='ltr'><strong>matr.</strong></span> <span class='ocrx_word' id='word_1_84' title='bbox 419 1514 509 1572; x_wconf 90' lang='lat' dir='ltr'><strong>etiam</strong></span> <span class='ocrx_word' id='word_1_85' title='bbox 526 1511 607 1589; x_wconf 85' lang='lat' dir='ltr'><strong>parti</strong></span> <span class='ocrx_word' id='word_1_86' title='bbox 625 1511 797 1574; x_wconf 88' lang='lat' dir='ltr'><strong>catholicae</strong></span> <span class='ocrx_word' id='word_1_87' title='bbox 814 1513 1046 1575; x_wconf 90' lang='lat' dir='ltr'><strong>communicare</strong></span> <span class='ocrx_word' id='word_1_88' title='bbox 1062 1501 1155 1574; x_wconf 87' lang='lat' dir='ltr'><strong>iidem</strong></span> <span class='ocrx_word' id='word_1_89' title='bbox 1177 1511 1266 1576; x_wconf 89' lang='lat' dir='ltr'><strong>Sum·</strong></span> 
     </span>
     <span class='ocr_line' id='line_1_13' title="bbox 140 1615 607 1679; baseline -0.004 -1"><span class='ocrx_word' id='word_1_90' title='bbox 140 1616 183 1678; x_wconf 95' lang='lat' dir='ltr'><strong>mi</strong></span> <span class='ocrx_word' id='word_1_91' title='bbox 200 1615 368 1679; x_wconf 87' lang='lat' dir='ltr'><strong>Pontifices</strong></span> <span class='ocrx_word' id='word_1_92' title='bbox 386 1615 607 1679; x_wconf 81' lang='lat' dir='ltr'><strong>declararum·</strong></span> 
     </span>
    </p>

    <p class='ocr_par' dir='ltr' id='par_1_4' title="bbox 130 1720 1363 4356">
     <span class='ocr_line' id='line_1_14' title="bbox 227 1720 1265 1805; baseline 0.002 -23"><span class='ocrx_word' id='word_1_93' title='bbox 227 1720 286 1782; x_wconf 87' lang='lat' dir='ltr'><strong>Sed</strong></span> <span class='ocrx_word' id='word_1_94' title='bbox 305 1721 400 1785; x_wconf 89' lang='lat' dir='ltr'><strong>nolim</strong></span> <span class='ocrx_word' id='word_1_95' title='bbox 427 1723 509 1784; x_wconf 89' lang='lat' dir='ltr'><strong>ultro</strong></span> <span class='ocrx_word' id='word_1_96' title='bbox 526 1723 719 1785; x_wconf 88' lang='lat' dir='ltr'><strong>Eminentiae</strong></span> <span class='ocrx_word' id='word_1_97' title='bbox 747 1724 880 1787; x_wconf 88' lang='lat' dir='ltr'><strong>Vestrae</strong></span> <span class='ocrx_word' id='word_1_98' title='bbox 905 1722 1041 1805; x_wconf 87' lang='lat' dir='ltr'><strong>latigara</strong></span> <span class='ocrx_word' id='word_1_99' title='bbox 1064 1725 1265 1804; x_wconf 82' lang='lat' dir='ltr'><strong>patientiam3</strong></span> 
     </span>
     <span class='ocr_line' id='line_1_15' title="bbox 132 1828 1267 1909; baseline 0.001 -19"><span class='ocrx_word' id='word_1_100' title='bbox 132 1828 183 1890; x_wconf 90' lang='lat' dir='ltr'><strong>his</strong></span> <span class='ocrx_word' id='word_1_101' title='bbox 199 1835 286 1891; x_wconf 88' lang='lat' dir='ltr'><strong>certe</strong></span> <span class='ocrx_word' id='word_1_102' title='bbox 304 1835 335 1892; x_wconf 91' lang='lat' dir='ltr'><strong>et</strong></span> <span class='ocrx_word' id='word_1_103' title='bbox 352 1828 419 1891; x_wconf 91' lang='lat' dir='ltr'><strong>aliis</strong></span> <span class='ocrx_word' id='word_1_104' title='bbox 436 1829 577 1909; x_wconf 88' lang='lat' dir='ltr'><strong>pluribus</strong></span> <span class='ocrx_word' id='word_1_105' title='bbox 596 1830 672 1892; x_wconf 89' lang='lat' dir='ltr'><strong>meis</strong></span> <span class='ocrx_word' id='word_1_106' title='bbox 689 1831 788 1892; x_wconf 90' lang='lat' dir='ltr'><strong>literis</strong></span> <span class='ocrx_word' id='word_1_107' title='bbox 815 1832 916 1893; x_wconf 92' lang='lat' dir='ltr'><strong>omnia</strong></span> <span class='ocrx_word' id='word_1_108' title='bbox 934 1847 982 1891; x_wconf 90' lang='lat' dir='ltr'><strong>me</strong></span> <span class='ocrx_word' id='word_1_109' title='bbox 1000 1831 1189 1893; x_wconf 89' lang='lat' dir='ltr'><strong>exhausisse</strong></span> <span class='ocrx_word' id='word_1_110' title='bbox 1206 1847 1267 1891; x_wconf 87' lang='lat' dir='ltr'><strong>au·</strong></span> 
     </span>
     <span class='ocr_line' id='line_1_16' title="bbox 131 1933 1349 2017; baseline 0 -20"><span class='ocrx_word' id='word_1_111' title='bbox 131 1943 230 2012; x_wconf 90' lang='lat' dir='ltr'><strong>tumo,</strong></span> <span class='ocrx_word' id='word_1_112' title='bbox 248 1950 453 2017; x_wconf 89' lang='lat' dir='ltr'><strong>quaecunque</strong></span> <span class='ocrx_word' id='word_1_113' title='bbox 472 1933 510 1997; x_wconf 91' lang='lat' dir='ltr'><strong>ad</strong></span> <span class='ocrx_word' id='word_1_114' title='bbox 527 1942 593 1998; x_wconf 86' lang='lat' dir='ltr'><strong>lule</strong></span> <span class='ocrx_word' id='word_1_115' title='bbox 611 1935 772 1999; x_wconf 85' lang='lat' dir='ltr'><strong>ferendam</strong></span> <span class='ocrx_word' id='word_1_116' title='bbox 790 1953 966 2016; x_wconf 90' lang='lat' dir='ltr'><strong>supremam</strong></span> <span class='ocrx_word' id='word_1_117' title='bbox 976 1936 1153 1998; x_wconf 89' lang='lat' dir='ltr'><strong>Beatissimi</strong></span> <span class='ocrx_word' id='word_1_118' title='bbox 1166 1937 1265 1998; x_wconf 85' lang='lat' dir='ltr'><strong>Patris</strong></span> <span class='ocrx_word' id='word_1_119' title='bbox 1346 1933 1349 1938; x_wconf 81' lang='grc'><strong>’</strong></span> 
     </span>
     <span class='ocr_line' id='line_1_17' title="bbox 138 2027 1262 2122; baseline -0.004 -16"><span class='ocrx_word' id='word_1_120' title='bbox 138 2046 326 2106; x_wconf 87' lang='lat' dir='ltr'><strong>sententiam</strong></span> <span class='ocrx_word' id='word_1_121' title='bbox 365 2043 548 2106; x_wconf 86' lang='lat' dir='ltr'><strong>subservire</strong></span> <span class='ocrx_word' id='word_1_122' title='bbox 582 2050 723 2122; x_wconf 90' lang='lat' dir='ltr'><strong>possunt.</strong></span> <span class='ocrx_word' id='word_1_123' title='bbox 756 2042 839 2105; x_wconf 89' lang='lat' dir='ltr'><strong>Haec</strong></span> <span class='ocrx_word' id='word_1_124' title='bbox 865 2049 898 2105; x_wconf 92' lang='lat' dir='ltr'><strong>ut</strong></span> <span class='ocrx_word' id='word_1_125' title='bbox 924 2041 1094 2122; x_wconf 81' lang='lat' dir='ltr'><strong>depromtis</strong></span> <span class='ocrx_word' id='word_1_126' title='bbox 1127 2027 1184 2120; x_wconf 86' lang='lat' dir='ltr'><strong>per</strong></span> <span class='ocrx_word' id='word_1_127' title='bbox 1213 2057 1262 2102; x_wconf 87' lang='lat' dir='ltr'><strong>me</strong></span> 
     </span>
     <span class='ocr_line' id='line_1_18' title="bbox 130 2144 1262 2230; baseline -0.002 -21"><span class='ocrx_word' id='word_1_128' title='bbox 130 2144 301 2212; x_wconf 83' lang='lat' dir='ltr'><strong>desideriis</strong></span> <span class='ocrx_word' id='word_1_129' title='bbox 317 2156 481 2223; x_wconf 86' lang='lat' dir='ltr'><strong>consonet,</strong></span> <span class='ocrx_word' id='word_1_130' title='bbox 498 2168 536 2212; x_wconf 92' lang='lat' dir='ltr'><strong>ac</strong></span> <span class='ocrx_word' id='word_1_131' title='bbox 552 2150 584 2211; x_wconf 91' lang='lat' dir='ltr'><strong>in</strong></span> <span class='ocrx_word' id='word_1_132' title='bbox 600 2151 823 2230; x_wconf 82' lang='lat' dir='ltr'><strong>urgentissima</strong></span> <span class='ocrx_word' id='word_1_133' title='bbox 833 2166 939 2212; x_wconf 87' lang='lat' dir='ltr'><strong>rerum</strong></span> <span class='ocrx_word' id='word_1_134' title='bbox 950 2155 1130 2209; x_wconf 86' lang='lat' dir='ltr'><strong>nostrarum</strong></span> <span class='ocrx_word' id='word_1_135' title='bbox 1147 2163 1262 2209; x_wconf 88' lang='lat' dir='ltr'><strong>neces·</strong></span> 
     </span>
     <span class='ocr_line' id='line_1_19' title="bbox 136 2253 1265 2339; baseline -0.004 -20"><span class='ocrx_word' id='word_1_136' title='bbox 136 2259 231 2319; x_wconf 89' lang='lat' dir='ltr'><strong>sitate</strong></span> <span class='ocrx_word' id='word_1_137' title='bbox 247 2272 347 2336; x_wconf 76' lang='lat' dir='ltr'><strong>ocyus</strong></span> <span class='ocrx_word' id='word_1_138' title='bbox 358 2257 581 2337; x_wconf 86' lang='lat' dir='ltr'><strong>subsequatur,</strong></span> <span class='ocrx_word' id='word_1_139' title='bbox 598 2275 657 2339; x_wconf 89' lang='lat' dir='ltr'><strong>pro</strong></span> <span class='ocrx_word' id='word_1_140' title='bbox 675 2276 713 2318; x_wconf 91' lang='lat' dir='ltr'><strong>eo</strong></span> <span class='ocrx_word' id='word_1_141' title='bbox 732 2274 821 2335; x_wconf 92' lang='lat' dir='ltr'><strong>opem</strong></span> <span class='ocrx_word' id='word_1_142' title='bbox 834 2255 1104 2335; x_wconf 86' lang='lat' dir='ltr'><strong>patrociniumque</strong></span> <span class='ocrx_word' id='word_1_143' title='bbox 1116 2253 1265 2317; x_wconf 87' lang='lat' dir='ltr'><strong>Eminen-</strong></span> 
     </span>
     <span class='ocr_line' id='line_1_20' title="bbox 139 2341 1266 2439; baseline -0.004 -15"><span class='ocrx_word' id='word_1_144' title='bbox 139 2363 205 2424; x_wconf 85' lang='lat' dir='ltr'><strong>tiae</strong></span> <span class='ocrx_word' id='word_1_145' title='bbox 221 2363 356 2425; x_wconf 84' lang='lat' dir='ltr'><strong>Vestrae</strong></span> <span class='ocrx_word' id='word_1_146' title='bbox 384 2363 442 2425; x_wconf 91' lang='lat' dir='ltr'><strong>hac</strong></span> <span class='ocrx_word' id='word_1_147' title='bbox 470 2366 562 2424; x_wconf 89' lang='lat' dir='ltr'><strong>etiam</strong></span> <span class='ocrx_word' id='word_1_148' title='bbox 579 2341 647 2424; x_wconf 80' lang='lat' dir='ltr'><strong>vice</strong></span> <span class='ocrx_word' id='word_1_149' title='bbox 668 2362 901 2424; x_wconf 85' lang='lat' dir='ltr'><strong>fiducialissime</strong></span> <span class='ocrx_word' id='word_1_150' title='bbox 916 2353 1056 2439; x_wconf 91' lang='lat' dir='ltr'><strong>imploro.</strong></span> <span class='ocrx_word' id='word_1_151' title='bbox 1082 2358 1172 2422; x_wconf 89' lang='lat' dir='ltr'><strong>Dedit</strong></span> <span class='ocrx_word' id='word_1_152' title='bbox 1185 2376 1266 2438; x_wconf 87' lang='lat' dir='ltr'><strong>pro·</strong></span> 
     </span>
     <span class='ocr_line' id='line_1_21' title="bbox 134 2451 1274 2552; baseline -0.004 -21"><span class='ocrx_word' id='word_1_153' title='bbox 134 2469 224 2531; x_wconf 84' lang='lat' dir='ltr'><strong>lecto</strong></span> <span class='ocrx_word' id='word_1_154' title='bbox 241 2467 330 2532; x_wconf 86' lang='lat' dir='ltr'><strong>Caes.</strong></span> <span class='ocrx_word' id='word_1_155' title='bbox 347 2469 427 2552; x_wconf 86' lang='lat' dir='ltr'><strong>Reg.</strong></span> <span class='ocrx_word' id='word_1_156' title='bbox 445 2451 637 2533; x_wconf 88' lang='lat' dir='ltr'><strong>Gubernium</strong></span> <span class='ocrx_word' id='word_1_157' title='bbox 664 2469 784 2550; x_wconf 83' lang='lat' dir='ltr'><strong>grande</strong></span> <span class='ocrx_word' id='word_1_158' title='bbox 812 2467 997 2549; x_wconf 85' lang='lat' dir='ltr'><strong>illustreque</strong></span> <span class='ocrx_word' id='word_1_159' title='bbox 1014 2484 1091 2529; x_wconf 87' lang='lat' dir='ltr'><strong>suae</strong></span> <span class='ocrx_word' id='word_1_160' title='bbox 1108 2468 1140 2528; x_wconf 91' lang='lat' dir='ltr'><strong>in</strong></span> <span class='ocrx_word' id='word_1_161' title='bbox 1155 2467 1274 2548; x_wconf 71' lang='lat' dir='ltr'><strong>Aposb-</strong></span> 
     </span>
     <span class='ocr_line' id='line_1_22' title="bbox 141 2561 1265 2655; baseline -0.004 -17"><span class='ocrx_word' id='word_1_162' title='bbox 141 2574 256 2638; x_wconf 84' lang='lat' dir='ltr'><strong>Sedem</strong></span> <span class='ocrx_word' id='word_1_163' title='bbox 272 2577 398 2655; x_wconf 88' lang='lat' dir='ltr'><strong>pietatis</strong></span> <span class='ocrx_word' id='word_1_164' title='bbox 411 2561 426 2649; x_wconf 62' lang='lat'><strong>,&#39;</strong></span> <span class='ocrx_word' id='word_1_165' title='bbox 446 2577 593 2639; x_wconf 89' lang='lat' dir='ltr'><strong>catholici</strong></span> <span class='ocrx_word' id='word_1_166' title='bbox 611 2577 659 2639; x_wconf 92' lang='lat' dir='ltr'><strong>sui</strong></span> <span class='ocrx_word' id='word_1_167' title='bbox 677 2593 800 2648; x_wconf 92' lang='lat' dir='ltr'><strong>sensus,</strong></span> <span class='ocrx_word' id='word_1_168' title='bbox 819 2575 1067 2655; x_wconf 89' lang='lat' dir='ltr'><strong>optimarumque</strong></span> <span class='ocrx_word' id='word_1_169' title='bbox 1084 2590 1141 2652; x_wconf 90' lang='lat' dir='ltr'><strong>pro</strong></span> <span class='ocrx_word' id='word_1_170' title='bbox 1158 2573 1265 2635; x_wconf 81' lang='lat' dir='ltr'><strong>lutuno</strong></span> 
     </span>
     <span class='ocr_line' id='line_1_23' title="bbox 139 2677 1296 2764; baseline -0.001 -22"><span class='ocrx_word' id='word_1_171' title='bbox 139 2684 350 2745; x_wconf 90' lang='lat' dir='ltr'><strong>intentionum</strong></span> <span class='ocrx_word' id='word_1_172' title='bbox 367 2681 606 2756; x_wconf 87' lang='lat' dir='ltr'><strong>documentum,</strong></span> <span class='ocrx_word' id='word_1_173' title='bbox 640 2683 711 2746; x_wconf 94' lang='lat' dir='ltr'><strong>dum</strong></span> <span class='ocrx_word' id='word_1_174' title='bbox 728 2703 786 2764; x_wconf 91' lang='lat' dir='ltr'><strong>pro</strong></span> <span class='ocrx_word' id='word_1_175' title='bbox 806 2681 972 2745; x_wconf 91' lang='lat' dir='ltr'><strong>obtinenda</strong></span> <span class='ocrx_word' id='word_1_176' title='bbox 989 2680 1091 2761; x_wconf 89' lang='lat' dir='ltr'><strong>quoad</strong></span> <span class='ocrx_word' id='word_1_177' title='bbox 1109 2677 1266 2742; x_wconf 88' lang='lat' dir='ltr'><strong>ineundo·</strong></span> <span class='ocrx_word' id='word_1_178' title='bbox 1293 2684 1296 2690; x_wconf 84' lang='lat'><strong><em>&#39;</em></strong></span> 
     </span>
     <span class='ocr_line' id='line_1_24' title="bbox 139 2772 1265 2876; baseline -0.004 -27"><span class='ocrx_word' id='word_1_179' title='bbox 139 2772 209 2850; x_wconf 87' lang='lat' dir='ltr'><strong>rum</strong></span> <span class='ocrx_word' id='word_1_180' title='bbox 235 2806 341 2876; x_wconf 84' lang='lat' dir='ltr'><strong>eoram</strong></span> <span class='ocrx_word' id='word_1_181' title='bbox 368 2791 528 2852; x_wconf 76' lang='lat' dir='ltr'><strong>ministris</strong></span> <span class='ocrx_word' id='word_1_182' title='bbox 544 2789 727 2852; x_wconf 90' lang='lat' dir='ltr'><strong>acatholicis</strong></span> <span class='ocrx_word' id='word_1_183' title='bbox 754 2797 841 2853; x_wconf 89' lang='lat' dir='ltr'><strong>matr.</strong></span> <span class='ocrx_word' id='word_1_184' title='bbox 870 2791 1037 2852; x_wconf 87' lang='lat' dir='ltr'><strong>mixtorum</strong></span> <span class='ocrx_word' id='word_1_185' title='bbox 1065 2784 1265 2856; x_wconf 84' lang='lat' dir='ltr'><strong>validitatem,</strong></span> 
     </span>
     <span class='ocr_line' id='line_1_25' title="bbox 138 2891 1265 2977; baseline -0.004 -22"><span class='ocrx_word' id='word_1_186' title='bbox 138 2895 280 2976; x_wconf 87' lang='lat' dir='ltr'><strong>alioquin</strong></span> <span class='ocrx_word' id='word_1_187' title='bbox 305 2903 377 2977; x_wconf 87' lang='lat' dir='ltr'><strong>post</strong></span> <span class='ocrx_word' id='word_1_188' title='bbox 401 2898 531 2958; x_wconf 90' lang='lat' dir='ltr'><strong>iteratas</strong></span> <span class='ocrx_word' id='word_1_189' title='bbox 549 2897 639 2959; x_wconf 88' lang='lat' dir='ltr'><strong>Sedis</strong></span> <span class='ocrx_word' id='word_1_190' title='bbox 656 2896 859 2977; x_wconf 78' lang='lat' dir='ltr'><strong>Aposlolicae</strong></span> <span class='ocrx_word' id='word_1_191' title='bbox 886 2895 1119 2959; x_wconf 88' lang='lat' dir='ltr'><strong>declarationes</strong></span> <span class='ocrx_word' id='word_1_192' title='bbox 1135 2891 1189 2952; x_wconf 85' lang='lat' dir='ltr'><strong>vix</strong></span> <span class='ocrx_word' id='word_1_193' title='bbox 1205 2892 1265 2952; x_wconf 93' lang='lat' dir='ltr'><strong>iam</strong></span> 
     </span>
     <span class='ocr_line' id='line_1_26' title="bbox 138 2979 1363 3082; baseline -0.006 -18"><span class='ocrx_word' id='word_1_194' title='bbox 138 2979 263 3082; x_wconf 89' lang='lat' dir='ltr'><strong>uspiam</strong></span> <span class='ocrx_word' id='word_1_195' title='bbox 280 2993 528 3077; x_wconf 88' lang='lat' dir='ltr'><strong>controversam,</strong></span> <span class='ocrx_word' id='word_1_196' title='bbox 546 3001 704 3063; x_wconf 82' lang='lat' dir='ltr'><strong>Pontificio</strong></span> <span class='ocrx_word' id='word_1_197' title='bbox 721 3001 933 3082; x_wconf 84' lang='lat' dir='ltr'><strong>declaratione</strong></span> <span class='ocrx_word' id='word_1_198' title='bbox 947 3017 1047 3080; x_wconf 91' lang='lat' dir='ltr'><strong>penes</strong></span> <span class='ocrx_word' id='word_1_199' title='bbox 1063 2979 1268 3058; x_wconf 67' lang='lat' dir='ltr'><strong>concernon-⁴</strong></span> <span class='ocrx_word' id='word_1_200' title='bbox 1359 3067 1363 3075; x_wconf 62' lang='lat'><em>„</em></span> 
     </span>
     <span class='ocr_line' id='line_1_27' title="bbox 135 3102 1268 3191; baseline -0.005 -23"><span class='ocrx_word' id='word_1_201' title='bbox 135 3111 211 3169; x_wconf 91' lang='lat' dir='ltr'><strong>tium</strong></span> <span class='ocrx_word' id='word_1_202' title='bbox 218 3106 402 3186; x_wconf 81' lang='lat' dir='ltr'><strong>AEpporum</strong></span> <span class='ocrx_word' id='word_1_203' title='bbox 413 3124 560 3169; x_wconf 85' lang='lat' dir='ltr'><strong>recursus</strong></span> <span class='ocrx_word' id='word_1_204' title='bbox 573 3105 949 3187; x_wconf 79' lang='lat' dir='ltr'><strong>meapudSedemApost.</strong></span> <span class='ocrx_word' id='word_1_205' title='bbox 958 3102 1268 3191; x_wconf 87' lang='lat' dir='ltr'><strong>honorificentissima</strong></span> 
     </span>
     <span class='ocr_line' id='line_1_28' title="bbox 135 3204 1267 3293; baseline -0.007 -17"><span class='ocrx_word' id='word_1_206' title='bbox 135 3215 208 3286; x_wconf 91' lang='lat' dir='ltr'><strong>hac,</strong></span> <span class='ocrx_word' id='word_1_207' title='bbox 220 3204 309 3293; x_wconf 83' lang='lat' dir='ltr'><strong>quam</strong></span> <span class='ocrx_word' id='word_1_208' title='bbox 320 3215 411 3284; x_wconf 87' lang='lat' dir='ltr'><strong>obeo,</strong></span> <span class='ocrx_word' id='word_1_209' title='bbox 423 3213 573 3274; x_wconf 89' lang='lat' dir='ltr'><strong>missione</strong></span> <span class='ocrx_word' id='word_1_210' title='bbox 585 3220 726 3275; x_wconf 88' lang='lat' dir='ltr'><strong>ornatum</strong></span> <span class='ocrx_word' id='word_1_211' title='bbox 741 3231 814 3274; x_wconf 88' lang='lat' dir='ltr'><strong>esse</strong></span> <span class='ocrx_word' id='word_1_212' title='bbox 833 3212 952 3287; x_wconf 82' lang='lat' dir='ltr'><strong>voluil3</strong></span> <span class='ocrx_word' id='word_1_213' title='bbox 970 3213 1002 3271; x_wconf 91' lang='lat' dir='ltr'><strong>in</strong></span> <span class='ocrx_word' id='word_1_214' title='bbox 1020 3226 1080 3289; x_wconf 89' lang='lat' dir='ltr'><strong>quo</strong></span> <span class='ocrx_word' id='word_1_215' title='bbox 1098 3209 1221 3289; x_wconf 89' lang='lat' dir='ltr'><strong>quidem</strong></span> <span class='ocrx_word' id='word_1_216' title='bbox 1239 3208 1267 3268; x_wconf 86' lang='lat' dir='ltr'><strong>si</strong></span> 
     </span>
     <span class='ocr_line' id='line_1_29' title="bbox 137 3307 1335 3400; baseline -0.007 -20"><span class='ocrx_word' id='word_1_217' title='bbox 137 3315 1265 3400; x_wconf 83' lang='lat' dir='ltr'><strong>votisuicomposreddipotuerit,haecSedisApostolioaebenignitas</strong></span> <span class='ocrx_word' id='word_1_218' title='bbox 1332 3307 1335 3311; x_wconf 82' lang='grc'><strong>’</strong></span> 
     </span>
     <span class='ocr_line' id='line_1_30' title="bbox 137 3419 1268 3506; baseline -0.005 -20"><span class='ocrx_word' id='word_1_219' title='bbox 137 3425 391 3488; x_wconf 83' lang='lat' dir='ltr'><strong>efficacissimum</strong></span> <span class='ocrx_word' id='word_1_220' title='bbox 410 3427 439 3486; x_wconf 91' lang='lat' dir='ltr'><strong>ei</strong></span> <span class='ocrx_word' id='word_1_221' title='bbox 455 3426 660 3487; x_wconf 90' lang='lat' dir='ltr'><strong>remerendae</strong></span> <span class='ocrx_word' id='word_1_222' title='bbox 671 3427 794 3506; x_wconf 86' lang='lat' dir='ltr'><strong>gratiae</strong></span> <span class='ocrx_word' id='word_1_223' title='bbox 806 3424 960 3486; x_wconf 88' lang='lat' dir='ltr'><strong>stimulum</strong></span> <span class='ocrx_word' id='word_1_224' title='bbox 971 3427 1137 3502; x_wconf 81' lang='lat' dir='ltr'><strong>suggeret,</strong></span> <span class='ocrx_word' id='word_1_225' title='bbox 1153 3419 1268 3482; x_wconf 84' lang='lat' dir='ltr'><strong>Eccle-</strong></span> 
     </span>
     <span class='ocr_line' id='line_1_31' title="bbox 136 3527 1266 3612; baseline -0.005 -20"><span class='ocrx_word' id='word_1_226' title='bbox 136 3533 216 3596; x_wconf 88' lang='lat' dir='ltr'><strong>siam</strong></span> <span class='ocrx_word' id='word_1_227' title='bbox 233 3548 310 3593; x_wconf 92' lang='lat' dir='ltr'><strong>vero</strong></span> <span class='ocrx_word' id='word_1_228' title='bbox 327 3531 518 3598; x_wconf 84' lang='lat' dir='ltr'><strong>Catholioam</strong></span> <span class='ocrx_word' id='word_1_229' title='bbox 536 3533 568 3593; x_wconf 93' lang='lat' dir='ltr'><strong>in</strong></span> <span class='ocrx_word' id='word_1_230' title='bbox 583 3532 693 3612; x_wconf 88' lang='lat' dir='ltr'><strong>Regno</strong></span> <span class='ocrx_word' id='word_1_231' title='bbox 705 3531 891 3612; x_wconf 88' lang='lat' dir='ltr'><strong>praesertim</strong></span> <span class='ocrx_word' id='word_1_232' title='bbox 909 3529 1091 3609; x_wconf 89' lang='lat' dir='ltr'><strong>Hungariae</strong></span> <span class='ocrx_word' id='word_1_233' title='bbox 1103 3527 1266 3609; x_wconf 86' lang='lat' dir='ltr'><strong>gravibus,</strong></span> 
     </span>
     <span class='ocr_line' id='line_1_32' title="bbox 138 3612 1348 3717; baseline -0.005 -19"><span class='ocrx_word' id='word_1_234' title='bbox 138 3636 223 3717; x_wconf 82' lang='lat' dir='ltr'><strong>quae</strong></span> <span class='ocrx_word' id='word_1_235' title='bbox 239 3655 306 3698; x_wconf 88' lang='lat' dir='ltr'><strong>eam</strong></span> <span class='ocrx_word' id='word_1_236' title='bbox 322 3645 482 3716; x_wconf 84' lang='lat' dir='ltr'><strong>quassant,</strong></span> <span class='ocrx_word' id='word_1_237' title='bbox 494 3656 530 3699; x_wconf 90' lang='lat' dir='ltr'><strong>ao</strong></span> <span class='ocrx_word' id='word_1_238' title='bbox 548 3639 747 3701; x_wconf 85' lang='lat' dir='ltr'><strong>saevioribus</strong></span> <span class='ocrx_word' id='word_1_239' title='bbox 764 3639 865 3708; x_wconf 90' lang='lat' dir='ltr'><strong>etiam,</strong></span> <span class='ocrx_word' id='word_1_240' title='bbox 884 3655 964 3716; x_wconf 85' lang='lat' dir='ltr'><strong>quae</strong></span> <span class='ocrx_word' id='word_1_241' title='bbox 982 3636 1011 3697; x_wconf 90' lang='lat' dir='ltr'><strong>ei</strong></span> <span class='ocrx_word' id='word_1_242' title='bbox 1030 3634 1134 3696; x_wconf 89' lang='lat' dir='ltr'><strong>adhue</strong></span> <span class='ocrx_word' id='word_1_243' title='bbox 1149 3634 1272 3712; x_wconf 77' lang='lat' dir='ltr'><strong>impen·</strong></span> <span class='ocrx_word' id='word_1_244' title='bbox 1338 3612 1348 3628; x_wconf 60' lang='lat'><em>²</em></span> 
     </span>
     <span class='ocr_line' id='line_1_33' title="bbox 140 3741 1268 3823; baseline -0.004 -20"><span class='ocrx_word' id='word_1_245' title='bbox 140 3747 228 3816; x_wconf 83' lang='lat' dir='ltr'><strong>dent,</strong></span> <span class='ocrx_word' id='word_1_246' title='bbox 246 3742 474 3806; x_wconf 89' lang='lat' dir='ltr'><strong>discriminibus</strong></span> <span class='ocrx_word' id='word_1_247' title='bbox 493 3746 622 3823; x_wconf 84' lang='lat' dir='ltr'><strong>eripiet3</strong></span> <span class='ocrx_word' id='word_1_248' title='bbox 649 3749 696 3807; x_wconf 88' lang='lat' dir='ltr'><strong>sin</strong></span> <span class='ocrx_word' id='word_1_249' title='bbox 714 3747 833 3816; x_wconf 91' lang='lat' dir='ltr'><strong>minus,</strong></span> <span class='ocrx_word' id='word_1_250' title='bbox 866 3760 929 3804; x_wconf 91' lang='lat' dir='ltr'><strong>non</strong></span> <span class='ocrx_word' id='word_1_251' title='bbox 946 3741 1038 3804; x_wconf 92' lang='lat' dir='ltr'><strong>modo</strong></span> <span class='ocrx_word' id='word_1_252' title='bbox 1057 3758 1130 3819; x_wconf 89' lang='lat' dir='ltr'><strong>spes</strong></span> <span class='ocrx_word' id='word_1_253' title='bbox 1149 3755 1268 3811; x_wconf 88' lang='lat' dir='ltr'><strong>omnes,</strong></span> 
     </span>
     <span class='ocr_line' id='line_1_34' title="bbox 141 3845 1271 3933; baseline -0.004 -20"><span class='ocrx_word' id='word_1_254' title='bbox 141 3868 222 3933; x_wconf 90' lang='lat' dir='ltr'><strong>quas</strong></span> <span class='ocrx_word' id='word_1_255' title='bbox 238 3849 277 3912; x_wconf 89' lang='lat' dir='ltr'><strong>de</strong></span> <span class='ocrx_word' id='word_1_256' title='bbox 295 3850 519 3930; x_wconf 90' lang='lat' dir='ltr'><strong>componendis</strong></span> <span class='ocrx_word' id='word_1_257' title='bbox 538 3852 698 3914; x_wconf 85' lang='lat' dir='ltr'><strong>veteribus</strong></span> <span class='ocrx_word' id='word_1_258' title='bbox 716 3849 804 3913; x_wconf 91' lang='lat' dir='ltr'><strong>Sedis</strong></span> <span class='ocrx_word' id='word_1_259' title='bbox 823 3851 934 3930; x_wconf 70' lang='lat' dir='ltr'><strong>Apost.</strong></span> <span class='ocrx_word' id='word_1_260' title='bbox 946 3846 1183 3930; x_wconf 87' lang='lat' dir='ltr'><strong>gravaminibus</strong></span> <span class='ocrx_word' id='word_1_261' title='bbox 1199 3845 1271 3908; x_wconf 57' lang='lat' dir='ltr'><strong>lace.</strong></span> 
     </span>
     <span class='ocr_line' id='line_1_35' title="bbox 142 3943 1270 4033; baseline -0.009 -13"><span class='ocrx_word' id='word_1_262' title='bbox 142 3959 282 4020; x_wconf 81' lang='lat' dir='ltr'><strong>tissimus</strong></span> <span class='ocrx_word' id='word_1_263' title='bbox 298 3957 405 4030; x_wconf 86' lang='lat' dir='ltr'><strong>foveo,</strong></span> <span class='ocrx_word' id='word_1_264' title='bbox 423 3964 566 4020; x_wconf 87' lang='lat' dir='ltr'><strong>eversum</strong></span> <span class='ocrx_word' id='word_1_265' title='bbox 579 3961 627 4033; x_wconf 88' lang='lat' dir='ltr'><strong>iri,</strong></span> <span class='ocrx_word' id='word_1_266' title='bbox 641 3943 697 4019; x_wconf 86' lang='lat' dir='ltr'><strong>sed</strong></span> <span class='ocrx_word' id='word_1_267' title='bbox 714 3978 780 4021; x_wconf 90' lang='lat' dir='ltr'><strong>rem</strong></span> <span class='ocrx_word' id='word_1_268' title='bbox 798 3959 890 4018; x_wconf 90' lang='lat' dir='ltr'><strong>etiam</strong></span> <span class='ocrx_word' id='word_1_269' title='bbox 903 3953 1089 4016; x_wconf 86' lang='lat' dir='ltr'><strong>catholicam</strong></span> <span class='ocrx_word' id='word_1_270' title='bbox 1101 3954 1134 4014; x_wconf 92' lang='lat' dir='ltr'><strong>in</strong></span> <span class='ocrx_word' id='word_1_271' title='bbox 1151 3950 1270 4014; x_wconf 87' lang='lat' dir='ltr'><strong>nostris</strong></span> 
     </span>
     <span class='ocr_line' id='line_1_36' title="bbox 142 4057 1271 4146; baseline -0.005 -22"><span class='ocrx_word' id='word_1_272' title='bbox 142 4063 211 4126; x_wconf 89' lang='lat' dir='ltr'><strong>oris</strong></span> <span class='ocrx_word' id='word_1_273' title='bbox 227 4064 423 4145; x_wconf 87' lang='lat' dir='ltr'><strong>gravissimis</strong></span> <span class='ocrx_word' id='word_1_274' title='bbox 441 4065 697 4128; x_wconf 89' lang='lat' dir='ltr'><strong>convulsionibus</strong></span> <span class='ocrx_word' id='word_1_275' title='bbox 713 4064 888 4146; x_wconf 86' lang='lat' dir='ltr'><strong>iactandam</strong></span> <span class='ocrx_word' id='word_1_276' title='bbox 899 4081 972 4124; x_wconf 86' lang='lat' dir='ltr'><strong>esse</strong></span> <span class='ocrx_word' id='word_1_277' title='bbox 989 4057 1167 4140; x_wconf 88' lang='lat' dir='ltr'><strong>praevideo,</strong></span> <span class='ocrx_word' id='word_1_278' title='bbox 1184 4057 1271 4119; x_wconf 85' lang='lat' dir='ltr'><strong>lulu-</strong></span> 
     </span>
     <span class='ocr_line' id='line_1_37' title="bbox 142 4162 1272 4252; baseline -0.009 -19"><span class='ocrx_word' id='word_1_279' title='bbox 142 4189 243 4252; x_wconf 90' lang='lat' dir='ltr'><strong>raque</strong></span> <span class='ocrx_word' id='word_1_280' title='bbox 269 4178 343 4233; x_wconf 91' lang='lat' dir='ltr'><strong>sunt</strong></span> <span class='ocrx_word' id='word_1_281' title='bbox 368 4177 476 4234; x_wconf 89' lang='lat' dir='ltr'><strong>nostra</strong></span> <span class='ocrx_word' id='word_1_282' title='bbox 501 4173 673 4234; x_wconf 93' lang='lat' dir='ltr'><strong>novissima</strong></span> <span class='ocrx_word' id='word_1_283' title='bbox 689 4175 797 4252; x_wconf 90' lang='lat' dir='ltr'><strong>peiora</strong></span> <span class='ocrx_word' id='word_1_284' title='bbox 823 4169 991 4251; x_wconf 88' lang='lat' dir='ltr'><strong>prioribus.</strong></span> <span class='ocrx_word' id='word_1_285' title='bbox 1009 4199 1052 4208; x_wconf 84' lang='lat'>—</span> <span class='ocrx_word' id='word_1_286' title='bbox 1069 4166 1197 4237; x_wconf 87' lang='lat' dir='ltr'><strong>Romae,</strong></span> <span class='ocrx_word' id='word_1_287' title='bbox 1220 4162 1272 4224; x_wconf 87' lang='lat' dir='ltr'><strong>dia</strong></span> 
     </span>
     <span class='ocr_line' id='line_1_38' title="bbox 143 4258 1171 4356; baseline -0.01 -17"><span class='ocrx_word' id='word_1_288' title='bbox 143 4274 199 4339; x_wconf 79' lang='lat'><strong>27.</strong></span> <span class='ocrx_word' id='word_1_289' title='bbox 213 4258 317 4339; x_wconf 81' lang='lat' dir='ltr'><strong>Martii</strong></span> <span class='ocrx_word' id='word_1_290' title='bbox 339 4276 432 4339; x_wconf 75' lang='lat' dir='ltr'><strong>luat.</strong></span> <span class='ocrx_word' id='word_1_291' title='bbox 456 4277 612 4356; x_wconf 92' lang='lat' dir='ltr'><strong>Josephus</strong></span> <span class='ocrx_word' id='word_1_292' title='bbox 628 4278 795 4349; x_wconf 91' lang='lat' dir='ltr'><strong>Lonovics,</strong></span> <span class='ocrx_word' id='word_1_293' title='bbox 813 4275 916 4355; x_wconf 77' lang='lat' dir='ltr'><strong>lippus</strong></span> <span class='ocrx_word' id='word_1_294' title='bbox 936 4272 1171 4346; x_wconf 86' lang='lat' dir='ltr'><strong>Csanadiensis.</strong></span> 
     </span>
    </p>
   </div>
   <div class='ocr_carea' id='block_1_3' title="bbox 605 4422 816 4438">
    <p class='ocr_par' dir='ltr' id='par_1_5' title="bbox 605 4422 816 4438">
     <span class='ocr_line' id='line_1_39' title="bbox 605 4422 816 4438; baseline -0.009 -2"><span class='ocrx_word' id='word_1_295' title='bbox 605 4422 816 4438; x_wconf 54' lang='lat' dir='ltr'><em>W</em></span> 
     </span>
    </p>
   </div>
   <div class='ocr_carea' id='block_1_4' title="bbox 998 4481 1060 4533">
    <p class='ocr_par' dir='ltr' id='par_1_6' title="bbox 998 4481 1060 4533">
     <span class='ocr_line' id='line_1_40' title="bbox 998 4481 1060 4533; baseline 0.016 -1"><span class='ocrx_word' id='word_1_296' title='bbox 998 4481 1060 4533; x_wconf 72' lang='lat'><strong>³1*</strong></span> 
     </span>
    </p>
   </div>
   <div class='ocr_carea' id='block_1_5' title="bbox 0 0 1419 4852">
    <p class='ocr_par' dir='ltr' id='par_1_7' title="bbox 0 0 1419 4852">
     <span class='ocr_line' id='line_1_41' title="bbox 0 0 1419 4852; baseline 0 0"><span class='ocrx_word' id='word_1_297' title='bbox 0 0 1419 4852; x_wconf 95' lang='lat' dir='ltr'><strong> </strong></span> 
     </span>
    </p>
   </div>
  </div>
 </body>
</html>
