2798 4852
572 268 575 273 ¹
693 244 915 318 -448-

227 454 275 511 tur
291 445 397 517 Idem,
415 443 504 507 cuius
521 458 636 505 causae
654 440 859 524 impendimus
873 435 1027 518 ·id‚--quod
1043 439 1076 503 in
1099 438 1160 503 bac
1178 445 1329 520 temporum

135 557 138 562 '
227 553 399 616 acerbitate
410 567 468 616 nos
479 549 615 614 tolerare
632 554 774 629 oporiet:
791 555 824 611 et
839 549 911 628 quia
928 549 1080 630 magistra
1098 553 1209 610 nostra
1225 547 1332 611 Veritas

224 667 292 731 cst,
319 675 380 723 uon
398 658 531 720 deerunt
554 655 658 718 divina
684 634 817 731 solatia}
841 653 894 717 ubi
921 653 1003 716 enim
1019 654 1195 735 patientia,
1216 650 1336 718 docente

224 765 302 848 Divo
320 763 500 837 Ambrosio,
517 763 560 825 ibi
578 769 609 824 et
624 761 754 824 laetitia.
777 750 932 823 Permittit
949 742 1074 839 quidem
1087 760 1189 833 Deus,
1206 768 1338 825 mouente

224 873 256 937 s
272 850 377 934 Leone
395 871 486 952 Papa,
498 868 632 932 adversa
643 868 797 951 quaedam
808 866 955 947 fieri‚sed
967 869 1004 930 iis
1016 869 1230 930 constantiam
1247 884 1342 928 sacer·

224 978 361 1042 dotalem
378 996 443 1042 non
461 976 566 1040 deeuti
582 995 690 1039 verum
707 974 835 1058 probari
857 974 931 1048 vuli,
949 981 982 1037 ut
999 956 1149 1054 probatos
1167 970 1343 1037 sacerdotes

223 1102 298 1149 suos
315 1084 408 1148 iaciat
423 1083 681 1166 perseverantiae
707 1083 818 1146 merito
837 1081 1000 1146 clariores.
1024 1074 1242 1145 Adhib'eamus
1258 1079 1343 1163 igitur

204 1191 377 1266 mentibus
402 1194 517 1273 uostris
544 1191 715 1275 patientiae
741 1189 1030 1272 longanimitatem
1066 1184 1171 1250 fidelis
1197 1191 1250 1249 est
1274 1189 1344 1250 enin

224 1299 331 1370 Deus,
355 1297 409 1377 qui
435 1315 497 1360 non
524 1298 660 1374 patietur
677 1311 734 1359 uos
756 1298 872 1358 tentari
890 1293 1052 1385 supra-id,
1070 1293 1155 1374 quod
1173 1309 1345 1377 possumus,

159 1452 161 1457 .
223 1402 280 1473 sed
294 1401 389 1464 saciet
405 1421 474 1466 cum
491 1402 663 1464 tentatione
681 1403 816 1472 exitum,
841 1408 875 1462 ut
896 1402 1053 1483 possimus
1070 1403 1246 1465 sustinere.
1264 1399 1345 1464 Nulla

223 1508 396 1572 adversitas
414 1512 532 1572 animos
549 1518 675 1573 nostros
693 1506 878 1580 conturbet,
897 1521 975 1588 quos
993 1506 1144 1570 babemus
1163 1507 1250 1571 linos
1268 1507 1299 1570 in
1314 1525 1344 1569 ea

223 1622 332 1698 petra,
358 1633 453 1696 super
480 1618 572 1697 quam
589 1614 751 1678 aedificata
768 1612 908 1677 Ecclesia
926 1611 987 1675 lide
1005 1613 1182 1677 divinarum
1200 1615 1344 1695 sponsio·

223 1738 296 1783 nuru
312 1727 373 1784 stat
390 1723 590 1795 inconcussa,
607 1739 666 1783 uec
684 1721 765 1783 enirn
782 1729 885 1800 portas
897 1720 991 1783 inferi
1008 1700 1161 1783 adversus
1175 1739 1248 1785 eam
1264 1738 1345 1803 prae·

223 1826 372 1889 valituras
387 1820 506 1890 monuit
531 1827 681 1891 Dominus
699 1834 730 1889 et
746 1825 887 1888 Salvator
911 1834 1036 1901 noster,
1064 1845 1125 1889 nec
1141 1827 1268 1908 patebit
1285 1830 1344 1916 quis

194 1970 198 1976 >
222 1932 316 1996 iacile
333 1932 471 2004 vulneri,
500 1953 590 2014 quem
618 1935 763 2016 opposito
780 1939 869 1994 scuto
886 1930 959 1996 fidei
975 1951 1038 1996 non
1055 1950 1110 1996 sua
1129 1940 1273 2007 tautum,
1296 1930 1345 1997 sel

197 2116 201 2121 ι
225 2046 256 2101 et
272 2039 400 2103 aliorum
412 2040 565 2105 fortitudo
577 2039 736 2133 deiendit3
753 2046 913 2103 sumentes
929 2041 1027 2122 igitur
1037 2047 1159 2103 scutum
1176 2039 1253 2104 iidei
1270 2020 1344 2103 sient

223 2148 331 2209 omnes
348 2154 378 2210 et
394 2147 511 2230 singuli
529 2146 615 2211 velut
632 2155 807 2211 castrorum
824 2149 909 2210 acies
927 2127 1070 2219 ordinata
1084 2146 1166 2210 iirmi
1182 2155 1218 2210 et
1235 2148 1341 2211 unani·

222 2270 299 2324 mes,
315 2253 347 2315 id
362 2256 462 2335 ipsum
479 2255 672 2330 sentientes3
690 2253 861 2318 concordia
879 2256 969 2327 enim,
988 2253 1123 2318 docente
1135 2253 1166 2318 S.
1180 2252 1344 2338 Cypriane,

224 2358 314 2421 simul
329 2361 435 2422 iuncta
452 2363 536 2447 vinci
550 2379 614 2424 non
629 2366 743 2440 potest,
761 2378 821 2422 nec
836 2340 950 2422 fratres
961 2377 978 2419 a
988 2357 1139 2421 fratribus
1157 2361 1189 2420 in
1207 2345 1345 2423 adversi·

223 2464 337 2526 tatibus
364 2452 512 2547 separari
527 2474 693 2548 possunt,·
714 2466 770 2530 sed
795 2472 1014 2547 permanentes
1040 2467 1072 2529 in
1096 2464 1212 2528 eadem
1229 2464 1344 2548 regula,

222 2588 313 2649 quam
330 2573 470 2635 universi
488 2574 637 2636 catholici
662 2576 747 2638 orbis
764 2572 897 2635 firmavit
913 2573 1134 2645 observantia,
1164 2580 1198 2635 et
1216 2573 1345 2637 irretra-

223 2676 335 2757 gabilis
361 2679 511 2743 stabilivit
543 2684 734 2758 auctoritas,
761 2688 793 2743 et
815 2682 1007 2760 accipientes
1033 2679 1156 2762 galeam
1182 2679 1294 2742 salutis
1320 2686 1346 2742 et

224 2792 407 2846 armaturam
425 2786 498 2850 iidei
509 2786 607 2849 alacri
618 2786 721 2849 studio
738 2786 860 2849 fidelem
875 2787 1031 2868 populum,
1044 2805 1147 2866 quem,
1159 2794 1304 2850 monente
1319 2784 1344 2849 S.

224 2888 397 2967 Cypriane,
422 2891 453 2952 in
478 2893 618 2974 periculo
646 2892 871 2957 Sacerdotibus
898 2895 986 2976 iungi
1003 2899 1145 2976 oportet,
1178 2895 1344 2961 instruant.

225 2993 411 3077 debitaeque
423 3000 628 3062 insiitutionis
639 2999 740 3061 eidem
751 2999 928 3078 impendant
948 2998 1096 3073 cilicium,
1108 3007 1143 3060 ut
1159 2999 1245 3063 idern
1261 3015 1345 3061 verae

227 3101 391 3166 doctrinae
403 3105 570 3168 innutritus
588 3123 650 3166 uon
666 3112 784 3169 tantum
796 3105 834 3169 de
845 3106 1069 3169 Ecclesiastico
1087 3107 1254 3170 Poiestate
1269 3111 1347 3171 recto

87 3193 90 3197 ¹
150 3221 152 3226 ·
221 3209 360 3293 sentiat,¹
387 3212 442 3273 sed
469 3220 499 3274 et
524 3213 688 3274 Ecclesiae
713 3214 889 3294 praeceptis
906 3220 1060 3294 promtum
1085 3219 1234 3292 praestet
1258 3214 1345 3275 obse-

222 3317 343 3397 quium:
379 3317 461 3396 quod
486 3318 745 3398 quemadmodum
772 3336 897 3390 caradoc,
924 3322 976 3399 qui
1009 3337 1158 3382 verorum
1192 3319 1345 3383 Ecclesiae

142 3454 146 3465 ·
222 3420 355 3484 saliorum
381 3426 505 3486 nomine
532 3434 721 3499 censentur,
748 3425 789 3486 ita
817 3443 872 3487 eos
900 3444 1042 3507 quoque,
1077 3427 1130 3505 qui
1148 3427 1340 3490 matrimonio

223 3520 310 3607 iungi
327 3531 473 3610 eupiunt,
499 3537 663 3610 praestare
691 3538 827 3612 oportet.
860 3531 948 3594 Unde
965 3532 1005 3594 ad
1021 3534 1222 3615 exigentiam
1240 3535 1341 3597 dimis-

136 3652 140 3659 ·
224 3649 327 3693 sarum
343 3633 392 3695 dd.
410 3635 463 3698 29.
480 3633 565 3699 Junii
584 3644 615 3698 et
631 3637 661 3698 2.
679 3636 754 3699 Julii
770 3637 973 3700 Pastoralium
991 3635 1149 3701 edocendi
1165 3647 1253 3717 sunt,
1283 3634 1344 3720 quii

223 3756 278 3800 eus
296 3756 392 3819 agere
410 3750 568 3824 oporteat,
585 3752 617 3805 ut
633 3744 794 3806 Ecclesiae
812 3747 905 3806 menti
923 3746 1090 3808 intentioni
1108 3747 1340 3810 sanctionibus·

221 3862 282 3924 que
316 3848 529 3922 satisfaciant,
562 3850 657 3912 etad
683 3850 875 3932 implendas,
912 3869 991 3931 quae
1019 3849 1134 3914 iisdem
1161 3853 1342 3919 incumbunt

222 3951 432 4032 obligationes
451 3955 577 4018 divinae
595 3957 717 4038 gratiae
735 3956 871 4031 auxilia,
897 3938 1028 4038 quorum
1046 3959 1112 4020 rite
1130 3957 1279 4039 dispositi
1294 3976 1342 4020 ec·

219 4057 468 4141 clesiastioisque
486 4064 700 4126 sanctionibus
718 4063 928 4142 obsequentes
945 4063 1117 4144 participes
1137 4063 1240 4142 bunt,
1268 4082 1340 4128 nau·

221 4162 390 4227 ciscantur.
430 4167 495 4232 lloc
527 4172 755 4237 matrimonium
782 4170 861 4232 inire
892 4170 1087 4250 cupientibus
1121 4169 1339 4252 impendendae

222 4268 424 4335 institutionis
451 4275 554 4338 olbcio
580 4284 613 4339 nt
639 4278 855 4356 unusquisque
882 4274 1051 4338 Sacrorum
1078 4273 1252 4341 Curionum
1274 4272 1341 4339 omui

80 4416 161 4568 Ὗ
217 4390 277 4452 qua
303 4394 359 4454 par
386 4364 432 4440 es't
458 4381 618 4446 alacritate
636 4390 666 4446 et
692 4382 874 4445 assiduitate
900 4381 1114 4466 defungatur,
1146 4382 1334 4450 maioremin
