2798 4852
544 260 829 333 --d93·-

131 457 297 526 diuturnis
325 459 556 541 plurimumque
580 455 739 520 damnosis
764 455 812 516 bis
829 453 1043 537 religionoriis
1066 462 1273 545 disceptatio-

137 566 237 628 nibus
255 571 391 646 optatum
408 565 532 627 tandem
549 564 640 627 linem
657 560 877 645 imponendum
901 574 984 626 esse.
1010 566 1051 629 nt
1068 588 1143 633 vero
1160 590 1273 652 quam-

136 671 186 732 vis
213 675 384 734 tenerrima
412 688 481 733 cum
508 668 698 752 gratitudine
716 684 946 748 agnoscamus,
973 671 1003 733 in
1022 670 1149 738 dimissa
1167 677 1218 739 dd.
1236 683 1267 742 5.

133 776 212 840 Julii
230 755 304 841 aso.
322 777 360 840 ad
377 778 555 858 praesentia
582 774 685 855 Regni
703 773 833 835 Comitia
851 773 880 836 b.
898 773 1103 841 Resolutione
1121 780 1265 846 clemen-

132 884 276 946 tissimas
293 883 362 946 Mai.
379 885 464 946 Vnae
482 883 596 947 SSmae
619 881 808 944 intentiones
825 899 865 942 eo
881 884 976 944 etiam
994 881 1091 947 luisse
1108 887 1267 951 directas:

131 996 168 1051 ut
185 989 248 1051 iam
268 989 381 1053 dudum
398 997 486 1053 tanto
512 992 686 1051 animorum
705 994 794 1050 aestu
812 989 940 1070 agitatis
957 989 1171 1073 religionariis
1188 992 1269 1059 con-

129 1096 321 1168 troversiis,
349 1097 617 1175 ulterioribusque
635 1096 667 1158 in
692 1095 753 1157 hoc
783 1095 893 1176 llegno
912 1096 997 1160 Cleri
1024 1099 1271 1180 impetitionibus

131 1220 192 1284 per
220 1201 414 1265 condendam
441 1220 551 1264 novam
580 1201 682 1274 legem
711 1200 873 1277 obvietur3
903 1220 959 1283 pro
983 1203 1154 1268 illatamen
1171 1207 1267 1287 inge-

129 1308 275 1378 nuitate.
293 1327 383 1389 qulam
415 1308 484 1371 hlai.
513 1307 596 1370 Vnae
613 1305 724 1371 SSmae
740 1304 920 1368 illimitatam
947 1307 1120 1386 debemus,
1146 1329 1265 1392 proque

130 1415 337 1478 strictissima
355 1414 405 1477 illa
427 1413 641 1493 obligatione.
670 1429 749 1491 quae
767 1411 869 1490 quoad
886 1412 1003 1474 tuenda
1021 1415 1187 1479 Ecclesiae
1204 1416 1269 1479 Ca·
1304 1402 1306 1407 ¹

128 1520 271 1584 tlrolicae
297 1522 364 1584 iura
390 1529 422 1582 et
446 1520 598 1602 principia
624 1518 715 1579 nobis
743 1517 909 1589 incumbit,
935 1519 1076 1597 proliteri
1097 1517 1275 1603 cogimurz'

130 1643 194 1690 nos
212 1634 466 1710 praeprovooata
479 1628 508 1689 b.
520 1626 725 1688 Resolutione
743 1623 842 1704 liegia
860 1625 1002 1704 graviter
1019 1626 1117 1688 luisse
1135 1631 1265 1706 percul-

127 1750 197 1795 sos.
214 1734 368 1814 Dignatur
385 1733 455 1795 lllai.
475 1732 536 1795 Vra
547 1731 638 1793 SSnna
650 1734 773 1794 veniam
785 1729 874 1793 nobis
885 1732 1116 1812 benignissime
1134 1732 1258 1816 largiri,

129 1839 158 1900 si
177 1855 296 1900 summa
314 1839 460 1901 Eiusdem
478 1839 653 1914 elementia,
672 1836 907 1919 exemplarique
924 1836 956 1899 in
973 1840 1179 1920 provehenda
1195 1842 1260 1903 Ec·

129 1943 250 2007 etesiae
267 1943 450 2007 Catholicae
474 1943 633 2005 commoda
660 1944 762 2005 studio
789 1942 846 2005 loti
865 1951 973 2006 nostra
999 1945 1112 2008 intuitu
1128 1964 1266 2027 praere-

128 2053 250 2131 petitae
268 2052 434 2113 altissimae
451 2049 664 2112 Resolutionis
690 2050 725 2112 li.
743 2066 837 2112 sensa
855 2051 922 2131 pari
941 2050 1112 2113 bumilitate
1129 2072 1164 2114 ac
1182 2072 1264 2117 can-

129 2156 212 2220 dore
239 2157 376 2240 benigno
402 2150 582 2218 hlai‘Vrae
607 2153 719 2218 SSmae
747 2157 867 2219 obtutui
893 2157 982 2219 hisce
1000 2161 1114 2221 sistere
1129 2177 1260 2238 praesu-

129 2266 255 2328 mimus.
925 2274 928 2281 ⁴
1049 2332 1052 2340 Ι

225 2367 362 2450 Benigno
379 2370 459 2432 haec
482 2369 644 2434 Resolutio
661 2370 761 2452 Regia
778 2373 890 2432 intuitu
906 2370 1078 2453 religiosae
1095 2371 1260 2435 educatio·

128 2481 183 2542 nis
209 2476 343 2559 prolium
361 2496 378 2538 e
396 2477 498 2539 mixtis
524 2478 729 2540 matrimoniis
755 2476 1047 2559 progignendarum
1066 2480 1158 2541 talem
1175 2483 1259 2560 eupit

128 2586 165 2647 in
183 2583 347 2646 condenda
364 2582 437 2663 lege
454 2584 526 2645 iniri
542 2585 766 2664 provisionem,
783 2591 817 2647 ut
828 2584 942 2646 mixtae
953 2585 1118 2664 religionis
1135 2587 1261 2665 sponsis

129 2692 304 2756 occasione
331 2690 617 2754 contrahendarum
642 2709 700 2771 per
726 2674 781 2752 eos
808 2692 1077 2755 matrimoniorum
1098 2694 1147 2754 ius
1164 2710 1259 2771 super

128 2815 193 2870 eo,
221 2799 253 2860 in
280 2814 410 2877 quanam
436 2782 713 2879 religione'velint
739 2798 846 2877 proles
872 2815 945 2861 suas
963 2799 1112 2861 educatus
1129 2798 1259 2871 habere,

125 2904 245 2968 liberas
262 2904 488 2966 conventiones
515 2902 673 2986 pangendi
691 2903 830 2984 perlecta
848 2922 915 2966 cum
934 2905 1155 2987 reciprocitate
1172 2909 1256 2969 omni

126 3008 223 3074 modo
240 3009 356 3070 salvum
375 3016 570 3090 praestetur3
590 3009 641 3072 ubi
658 3028 735 3071 vero
752 3011 970 3088 stipulationes
989 3013 1067 3074 tales
1085 3012 1257 3090 perlectam

124 3119 322 3200 privatorum
348 3123 560 3178 contractuum
588 3121 620 3176 et
645 3113 877 3194 stipulationum
905 3119 963 3175 vim
990 3115 1151 3177 habiturae
1174 3117 1255 3178 haud

126 3223 360 3294 succederent,
388 3228 441 3299 aut
468 3229 572 3303 partes
600 3227 796 3300 competente
818 3223 893 3302 ipsis
912 3222 1092 3301 paciscendi
1109 3223 1178 3284 iure
1194 3224 1256 3284 hoc

125 3331 174 3394 uti
191 3328 319 3398 nollent,
337 3329 514 3391 nascituras
531 3327 712 3390 earumdem
729 3327 833 3405 proles
852 3328 950 3406 patris
967 3320 1154 3410 religionem
1166 3328 1256 3408 sequi
1311 3310 1317 3314 ⁵

128 3435 252 3498 debere
279 3435 500 3497 constituatur.
526 3436 613 3506 Quae
640 3436 752 3496 intuitu
770 3434 797 3496 b.
815 3432 906 3496 huius
922 3435 1149 3515 propositionis
1166 3434 1256 3495 nobis

126 3539 408 3604 animadvertenda
427 3550 617 3616 occurrunt,
634 3544 664 3604 in
683 3540 889 3621 sequentibus
907 3542 1104 3604 subsistant:

219 3650 255 3721 a)
272 3648 417 3719 Quamvis
429 3648 588 3711 Articulus
605 3649 667 3709 26:
686 3647 781 3709 1791.
799 3647 861 3709 srne
878 3646 1086 3710 stabiliendae
1104 3648 1185 3709 inter
1200 3666 1257 3708 re-

125 3754 273 3841 gnicolas
300 3760 469 3835 perpetuae
498 3755 679 3818 harmoniae
706 3755 851 3818 conditus
869 3761 965 3843 parte
991 3755 1029 3816 ab
1058 3772 1116 3814 una
1140 3757 1256 3816 mixtae

125 3860 292 3942 religionis
319 3860 532 3933 nratrimonia,
558 3858 619 3922 illis
645 3859 746 3923 adhuc
773 3862 965 3940 temporibus
993 3859 1156 3922 admodum
1172 3877 1254 3938 rara,
1285 3910 1289 3917 ,

127 3966 297 4029 Catholicis
323 3985 401 4029 vero
428 3967 553 4028 multum
579 3968 700 4040 invisa,
731 3967 893 4048 possibilia
923 3966 1129 4042 redditurus;
1164 3973 1254 4045 parte

126 4090 206 4136 vero
223 4073 261 4134 ab
279 4072 338 4134 alia
356 4076 385 4134 in
412 4070 448 4134 iis
464 4072 609 4135 ineundis
636 4074 785 4153 principia
815 4073 969 4136 catholica
995 4073 1254 4152 praesalvaturus

126 4177 155 4238 id
174 4177 385 4260 disposuerit:
403 4185 437 4240 ut
453 4181 479 4241 si
496 4181 526 4240 in
543 4179 717 4242 huiusmodi
735 4180 938 4243 matrimoniis
955 4186 1044 4261 pater
1060 4181 1101 4239 sit
1116 4179 1254 4241 calholi-

127 4300 204 4355 cus,
221 4300 330 4345 onmes
347 4284 452 4364 proles
470 4285 501 4345 in
518 4287 586 4348 eius
602 4285 760 4366 religione
777 4287 906 4351 educari
924 4287 1078 4358 debeant,
1103 4287 1129 4347 si
1147 4290 1250 4346 autem

124 4396 228 4453 mater
245 4392 284 4452 sit
300 4391 468 4464 catholica,
486 4391 590 4470 proles
615 4391 763 4456 duntaxat
781 4392 937 4456 masculae
954 4393 1051 4472 patris
1068 4391 1252 4473 religionem
1338 4411 1347 4429 ·
