2798 4852
420 350 423 359 Ι
485 314 496 329 ,
573 230 646 301 ’ὲ-
674 242 861 329 ‹teo-r.

156 427 364 520 ¹‘umprolium
381 453 506 509 suarum
517 435 649 511 salntem
665 436 707 499 nil
725 443 834 512 curat,
853 454 912 521 per
923 438 1170 517 subtractionem
1178 436 1254 501 hene·

150 544 309 633 dictionis,
335 562 425 627 quam
441 544 625 627 ceteroquin
641 543 691 607 ‘ad
708 542 850 613 valorem
866 545 1055 638 matrimonii
1071 544 1256 609 essentialiter

148 653 359 715 necessariam
376 668 436 713 non
454 669 527 714 esse
544 669 584 712 ex
603 653 672 732 ipso
686 651 858 722 assistente
876 653 1046 741 sacerdote
1063 653 1173 728 discet,
1187 670 1217 716 se
1229 653 1257 714 ab

148 758 347 840 inauspicatis
365 761 430 822 suis
449 738 566 838 nuptiis
580 757 755 822 absterreri
772 758 916 841 patiatur.
941 784 945 789 ·
1223 742 1226 747 ¹

137 880 141 889 ’
207 904 211 909 -
236 864 370 928 Accedit
397 883 460 930 non
478 865 641 930 defuturos
659 868 828 949 parochoS,
844 856 997 947 qui'metu
1016 875 1071 935 aul
1089 867 1199 937 lavore
1211 867 1257 931 hu·

149 988 239 1035 mano
255 969 350 1035 illecti
366 972 397 1035 in
414 971 583 1055 iungendis
602 975 704 1048 mixtis
722 979 810 1036 matr.
837 954 993 1055 passivam
1011 992 1102 1037 suam
1121 974 1255 1039 assisten-

150 1070 223 1142 tiam
240 1078 352 1142 talibus
370 1079 544 1144 arbitrariis
561 1080 668 1143 lormis
687 1083 834 1160 vestient,
852 1099 932 1163 quae
948 1081 990 1144 illi
1002 1082 1099 1145 etiam
1115 1081 1197 1144 citra
1211 1081 1257 1143 he·

149 1186 358 1252 nedictionem
383 1190 521 1271 speciem
539 1189 694 1268 positivae
720 1170 950 1271 approbationis
968 1180 1199 1255 conciliaturas
1212 1205 1255 1250 es·

47 1275 49 1279 ¹
103 1344 105 1351 .
149 1301 230 1365 sent.
254 1293 379 1359 hiemini
395 1302 481 1358 certe
506 1313 625 1377 paucos
642 1303 714 1358 ante
731 1314 864 1361 menses·
879 1297 909 1360 in
926 1296 1089 1379 hungaria
1108 1293 1255 1378 quemdam

148 1401 317 1484 parochum
344 1402 440 1466 mixto
468 1404 662 1467 matrimonio
688 1406 768 1466 certi
793 1403 985 1485 praenobilis
1019 1404 1082 1467 viri
1108 1401 1256 1478 acatholici

148 1509 273 1589 passive
290 1507 414 1589 quidem
430 1506 600 1587 adstitisse,
626 1527 699 1572 mox
713 1517 817 1575 tamen
836 1511 1012 1592 orationem
1029 1509 1112 1575 adeo
1129 1509 1256 1575 lucdon-

22 1610 26 1617 ’
113 1602 116 1607 ’
148 1622 209 1678 tam
223 1614 261 1677 ad
279 1619 516 1698 neo-coniuges
533 1616 727 1690 instituisse,
754 1625 786 1680 ut
803 1617 924 1698 plenam
950 1617 1257 1705 horumsatisfactio-

148 1741 229 1796 nem,
247 1741 438 1786 communem
457 1742 534 1787 vero
551 1727 760 1804 praesentium
773 1724 1016 1788 acatholicorum
1028 1724 1172 1803 plausum
1182 1739 1254 1786 ene-

12 1910 15 1917 Ι
146 1831 254 1893 ruerit.
278 1829 436 1893 Excessus
452 1829 629 1895 huiusmodi
645 1831 728 1894 nulla
746 1848 879 1910 unquam
890 1830 1129 1911 Episcoporum
1140 1829 1254 1913 vigilan·

29 1932 31 1936 ’
87 1942 91 1948 ’
146 1938 188 2001 tia
205 1940 280 2001 satis
296 1940 478 2021 praecaveri
495 1945 653 2019 poterunt.
681 1940 795 2001 Contra
811 1956 890 2002 vero
906 1937 1066 2001 indubium
1085 1946 1135 2002 est
1150 1937 1249 2002 horro-

24 2054 27 2061 '
148 2061 214 2107 rem
240 2045 382 2110 omnibus
400 2046 563 2115 catholicis
581 2063 658 2128 erga
675 2048 770 2110 mixta
797 2052 884 2109 matr.
902 2045 1123 2131 incutiendum
1138 2042 1253 2121 esse,si

32 2214 41 2233 ,
86 2200 90 2205 .
143 2146 328 2217 ecclesiain
353 2153 464 2217 horum
491 2152 734 2217 detestationem
761 2152 1068 2217 commonstrandam
1095 2171 1159 2217 non
1177 2148 1249 2214 modo

85 2312 88 2317 .
145 2258 409 2339 benedictionem,
427 2259 482 2322 sed
500 2278 621 2322 omnem
632 2277 762 2342 prorsus
773 2246 956 2355 Sacerdotis
972 2261 1185 2326 interventum
1193 2258 1252 2323 sub

145 2367 287 2429 traxerit.
312 2365 401 2429 Fient
429 2383 535 2428 casum
561 2367 592 2429 in
609 2367 690 2430 huno
707 2346 918 2440 matrimonia,
952 2373 986 2431 ut
1012 2367 1183 2449 optandum
1206 2373 1250 2439 est

145 2473 323 2552 rarissima,
349 2492 429 2555 quae
445 2491 503 2555 per
519 2475 654 2555 priorem
673 2472 756 2536 illam
774 2476 987 2555 provisionem
1014 2479 1051 2539 in
1075 2475 1144 2539 dies
1170 2474 1251 2555 magia

146 2579 350 2644 invalescent.

234 2687 322 2751 Haud
340 2686 482 2768 equidem
500 2706 547 2750 me
564 2684 647 2771 fugit
663 2688 714 2752 illa
732 2688 953 2755 nonnullorum
972 2692 1170 2764 observatio,
1187 2686 1250 2772 quod

146 2794 267 2869 scilicet
282 2811 380 2876 penes
397 2797 551 2875 passivam
569 2798 778 2870 assistentiam
796 2800 921 2878 integra
949 2800 990 2861 sit
1005 2799 1115 2862 lutura
1133 2797 1251 2882 parocho

24 2892 42 2967 .’
145 2903 311 2981 pastoralis
328 2921 383 2966 sua
401 2920 478 2986 erga
495 2902 654 2967 mulierem
666 2905 850 2970 catholicam
862 2909 974 2969 mixtas
986 2909 1117 2990 nuptias
1129 2909 1250 2971 ambien-
1289 2934 1291 2965 !

39 3098 42 3103 Ι
145 3016 206 3071 tem
232 3010 412 3075 correlatio.
436 3011 478 3074 At
504 3030 578 3074 vero
603 3012 682 3075 haec
711 3016 802 3077 etiam
828 3015 859 3076 in
885 3017 1066 3095 posteriore
1092 3014 1251 3097 provisione

143 3134 272 3198 prorsus
290 3116 397 3182 eadem
418 3122 487 3183 erit.
512 3118 649 3182 instruet
667 3123 779 3202 quippe
797 3140 865 3184 eam
876 3130 947 3186 ante
963 3125 1195 3189 matrimonium
1205 3122 1250 3184 Pa-

143 3225 270 3311 rochus‚
288 3227 439 3308 principia
456 3224 617 3290 Ecclesiae
635 3229 736 3292 eidem
754 3231 793 3294 ob
811 3231 918 3294 oculos
935 3232 1037 3305 sistet,
1056 3250 1093 3295 ac
1110 3239 1184 3296 tunc
1197 3230 1250 3311 pri·

144 3351 223 3414 mum
240 3351 275 3395 se
300 3333 438 3398 eiusdem
467 3320 662 3399 matrimonio
690 3355 810 3400 ornnem
826 3356 955 3418 prorsus
974 3339 1188 3403 assistentiam
1203 3356 1249 3399 ne·

45 3492 52 3501 .
143 3447 288 3521 getarum
306 3459 377 3504 esse
396 3441 577 3515 declarabit,
595 3442 647 3503 uhi
663 3443 742 3505 haec
761 3462 795 3505 se
813 3446 881 3507 sine
899 3443 958 3507 ulla
972 3446 1152 3510 catholicae
1168 3443 1250 3528 proli-

144 3566 192 3609 um
217 3566 341 3611 suarum
368 3536 561 3612 educationis
597 3551 776 3637 conditio-ne
801 3553 870 3616 viro
898 3552 1080 3629 acatholico
1108 3560 1250 3636 nupturam

142 3673 214 3718 esse
229 3656 448 3736 responderit,
475 3657 555 3720 idest
571 3665 664 3730 tunc,
690 3658 759 3721 dum
785 3640 869 3722 nunc
888 3660 987 3723 eidem
1003 3664 1166 3742 passivam
1182 3673 1250 3723 suan

43 3824 49 3833 ,
142 3763 274 3845 largitur
290 3764 514 3828 assistentiam.
541 3763 612 3829 Post
639 3767 891 3831 matrimonialem
916 3786 995 3830 vero
1013 3771 1249 3833 coniunctionem

45 3886 49 3891 ’
141 3873 250 3935 mulier
266 3873 344 3935 haec
362 3873 393 3936 in
410 3880 540 3952 utraque
557 3875 740 3954 provisione
756 3874 899 3939 mansura
910 3884 958 3939 est
975 3879 1150 3957 catholica,
1166 3883 1247 3957 etpa-

16 4029 18 4033 ι
94 4050 98 4055 ,
140 3978 228 4043 rochi
245 3998 312 4042 curn
331 3998 367 4041 ea
385 3998 484 4042 nexus
501 3999 534 4042 ac
553 3981 813 4063 qualiscunque
806 4003 835 4045 m
855 4002 921 4045 eam
949 3983 1116 4048 inlluxus
1108 4005 1139 4048 ιιι
1157 4001 1212 4047 uno
1225 3984 1291 4047 el

141 4087 240 4150 altero
257 4106 332 4151 casu
349 4086 430 4150 idem
447 4106 577 4170 prorsus
594 4090 753 4170 persistet.

228 4228 272 4237 -
291 4228 329 4237 -
348 4195 459 4257 Rolatc
476 4193 513 4258 ad
532 4197 626 4259 Cone.
643 4192 853 4259 Tridentinurn
880 4162 958 4261 alias
975 4196 1062 4265 dicta
1080 4204 1178 4277 itero,
1203 4212 1242 4258 ve
1286 4096 1291 4261 l

38 4330 40 4335 ·
142 4296 231 4377 stigio
250 4320 358 4384 nempe
375 4303 602 4385 publicatorum
620 4323 676 4367 sua
694 4303 792 4368 forma
812 4303 1011 4370 decretorum
1031 4308 1064 4372 S
1081 4306 1291 4374 Ιιιιίιιεῢοι·ε

115 4434 123 4443 ·
142 4405 214 4481 citii,
232 4417 363 4493 excepta
382 4410 597 4495 strigoniensi.
617 4412 726 4504 inaliis
738 4410 943 4477 dioecesibus
962 4414 999 4478 ad
1013 4419 1238 4481 notitiarnmeatt
