2798 4852
493 298 777 378 ...595-

57 489 171 553 liandis
198 499 286 557 matr.
314 491 417 555 mixtis
443 497 667 575 praescriptum
694 497 818 561 induci:
853 499 895 562 ita
922 502 1042 583 absque
1076 504 1187 570 lunda·

56 605 164 661 mento
181 607 337 682 oggerunt
354 600 576 674 Protestuntes,
588 604 918 670 contessionemsuam
931 625 988 688 per
999 609 1181 683 Catholicos

57 707 239 778 contemtui,
252 713 283 769 et
295 704 430 770 ludibrio
449 708 561 788 exponi
574 728 629 791 per
641 709 820 791 adoptatam
833 716 964 795 praxim.
978 750 1017 761 -
1028 718 1067 790 b)
1079 720 1187 792 Quoad

56 811 187 875 alteram
207 815 319 896 legem,
342 832 451 895 nempe
463 824 519 877 art.
540 815 943 886 57:179tobservandun
966 831 1022 895 cst,
1042 826 1105 890 illic
1123 847 1185 894 non

55 920 278 998 determinari,
303 920 456 999 qualinam
474 923 536 983 ritu
553 922 707 1003 copulatio
722 922 931 1007 personarum
949 931 1095 999 diversae
1125 955 1178 1000 re·
1272 971 1277 981 ·

54 1027 183 1107 ligionis
200 1027 386 1109 suscipendo
405 1030 463 1101 sit,
489 1048 524 1092 ac
543 1031 673 1110 proinde
690 1030 865 1100 Ecclesiam
885 1039 1074 1104 Catlrolicam
1091 1043 1182 1106 salva

57 1154 96 1198 ea
118 1135 324 1217 lege‚‚ritnm
353 1136 434 1198 burm
461 1140 526 1198 suis
550 1140 707 1218 principiis
733 1143 938 1206 conformiter
964 1151 1184 1226 praescribere

56 1261 173 1326 posse3
200 1244 325 1322 insuper
354 1262 422 1306 crim
449 1247 478 1306 in
505 1245 670 1326 Encyclica
699 1249 823 1311 nonnisi
851 1250 881 1314 id
909 1253 1112 1333 disponatur,
1148 1263 1182 1318 ut

56 1351 140 1434 parti
155 1351 328 1434 catholicae
353 1350 392 1413 ob
418 1353 527 1414 oorrlos
556 1363 690 1436 ponatur
712 1355 855 1421 doctrina
874 1358 1034 1424 Ecclesiae
1052 1360 1091 1424 de
1110 1381 1203 1424 ma··

57 1459 222 1530 trimonio,
256 1459 365 1521 eadem
397 1477 472 1521 vcro
505 1459 541 1521 ad
574 1460 759 1523 calliolioam
791 1463 1010 1528 educationem
1045 1471 1182 1532 onmium

56 1568 191 1650 prolium
210 1585 270 1631 non
287 1569 483 1648 stringatur,
498 1566 552 1650 sed
570 1568 600 1629 inl
619 1568 737 1630 liberae
756 1570 851 1648 ipsius
870 1571 1022 1635 voluntati
1038 1574 1181 1643 commit·

56 1683 160 1747 tatur,
178 1683 323 1758 apparet,
351 1692 409 1737 nee
435 1676 493 1737 boc
510 1683 655 1755 respectu
670 1675 702 1739 in
721 1683 918 1740 memoratam
936 1679 1039 1758 legem
1057 1699 1179 1761 pecca-

56 1790 124 1846 tum
140 1782 246 1845 luisse.
259 1783 517 1845 Verba-nimirum
527 1782 715 1863 Enoyclicae
725 1793 797 1847 sunt
809 1809 815 1841 ι
827 1786 1038 1858 „catholicam
1051 1788 1183 1869 prolium
1265 1807 1267 1812 ·

56 1890 274 1952 educationem
296 1908 489 1970 rrcqnaquam
507 1892 661 1970 urgebitis
682 1925 721 1937 ψ
738 1893 873 1973 alioquin
892 1892 917 1952 si
934 1892 1081 1974 desponsi
1099 1912 1178 1976 pro·

58 1999 162 2080 posito
194 2014 250 2058 suo
284 1997 508 2060 matrimonium
541 1997 668 2062 ineundi
706 2006 951 2080 perseveranter
986 1999 1182 2077 insisterent,

57 2104 199 2168 declaret
216 2105 392 2182 parochus,
412 2123 607 2185 nequaquam
624 2105 766 2185 impediri
783 2107 819 2168 ab
837 2124 891 2179 se,
909 2107 1074 2187 qrrominus
1092 2125 1181 2171 suum

58 2214 90 2276 in
109 2212 364 2275 matrimonialem
382 2212 633 2276 coniunctionem
651 2228 837 2277 consensum
855 2232 960 2276 coram
978 2216 1046 2296 ipso
1068 2212 1181 2278 decla·

29 2303 32 2307 ,
59 2338 145 2392 rare,
159 2321 278 2402 bacquc
288 2319 410 2381 ratione
422 2318 699 2382 validumetralum
708 2320 933 2383 matrimonium
943 2323 1182 2400 inirepossint.“

82 2567 88 2574 ·
146 2535 178 2598 8.
212 2537 257 2598 Εο
285 2536 382 2598 minus
409 2534 674 2619 conprehendere
702 2552 843 2615 possum,
872 2535 1003 2615 qualiter
1029 2537 1059 2599 in
1087 2537 1179 2616 praxi

57 2642 222 2706 Ecclesiae
240 2650 327 2705 rnatr.
354 2644 449 2704 nrixta
476 2642 744 2706 indiscriminatim
762 2641 843 2705 baud
866 2629 1079 2706 benedicentis
1097 2659 1175 2724 gra·¹

34 2761 37 2765 '
59 2757 208 2812 namenet
218 2748 413 2830 legiscirilis
425 2750 709 2830 transgressionem
720 2748 888 2811 Cornitatus
898 2754 928 2809 et
940 2747 1039 2810 Sedes
1049 2747 1185 2812 formare

58 2859 199 2940 possint,
216 2857 296 2937 quod
323 2856 380 2934 ipsi
398 2873 538 2935 ortoque,
568 2851 823 2936 quemadmodum
841 2852 983 2917 Ecclesia
1011 2853 1181 2925 Catholica

57 2964 141 3028 ultro
167 2971 357 3046 agnoscant,
384 2961 575 3024 matrimonia
603 2962 694 3022 etiam
721 2962 839 3040 absque
864 2961 1083 3023 benedictione
1100 2961 1177 3023 inita

59 3088 132 3133 esse
148 3069 248 3133 valida
266 3088 303 3132 ac
328 3075 405 3132 rata.
431 3067 573 3131 l‘roiccto
597 3065 666 3128 dum
684 3083 781 3145 penes
799 3065 920 3146 praxim
938 3063 1099 3127 Ecclesiae
1118 3064 1189 3127 Ca-·
1268 3051 1270 3056 ¹

60 3179 197 3243 thelicae
214 3195 272 3240 nec
296 3177 477 3239 matrimonii
503 3173 676 3257 conciliatio
703 3171 904 3255 impossibilis
930 3170 1094 3245 redditur,
1123 3191 1182 3235 nec

58 3287 160 3369 nalori
183 3286 322 3370 eiusdem
348 3292 400 3348 aut
424 3283 554 3365 prolium
581 3282 769 3363 legitimitati
795 3277 1181 3360 praeiudiciuminlertur,

58 3414 121 3467 non
138 3392 248 3467 video,
266 3393 318 3472 qui
334 3393 426 3454 statui
442 3391 562 3473 possit,
587 3389 690 3469 legem
709 3385 848 3450 violari?
1101 3388 1103 3393 ’

150 3615 178 3673 e.
196 3611 273 3674 Dum
289 3608 320 3674 id
345 3608 525 3690 opponitur,
555 3602 799 3667 constitutiones
824 3600 1004 3665 Pontificias
1030 3601 1062 3663 in
1089 3599 1179 3674 Hun-

60 3719 151 3803 garia
168 3719 286 3800 absque
303 3702 428 3781 Placete
446 3715 547 3797 Regio
563 3710 714 3775 invalidas
733 3728 820 3787 esse,
845 3715 937 3791 prout
954 3710 1013 3772 boc
1030 3710 1175 3771 nomina·

60 3829 116 3890 tim
141 3826 312 3890 Comitatus
339 3821 537 3886 Kelosiensis
564 3820 688 3883 obiicit:
722 3817 831 3899 reponi
857 3822 982 3896 potest,
1010 3817 1042 3878 in
1058 3815 1180 3876 Trans·

37 3934 191 3997 'silvauia
209 3930 322 3995 nullam
348 3923 522 4013 huiusmodi
547 3932 675 3987 exstare
700 3923 820 4007 legem,
846 3922 878 3984 in
895 3921 1054 4002 Hungaria
1073 3927 1178 3982 autem
1269 3970 1272 3975 .

60 4042 151 4122 leges
178 4045 208 4102 et
234 4035 446 4100 ordinationes
477 4033 615 4112 Regias,
647 4048 726 4111 quae
751 4029 850 4093 relate
877 4027 916 4090 ad
941 4029 1183 4089 constitutiones

61 4147 236 4212 Pontificias
262 4146 388 4226 vigent,
413 4159 489 4222 pure
507 4139 545 4202 ad
569 4136 726 4220 politicum
744 4144 775 4199 et
792 4136 914 4199 civilem
944 4133 1180 4212 ordinempe‘r*

61 4257 182 4327 tinere,
208 4271 267 4313 nec
285 4269 323 4313 eo
340 4266 436 4311 sensu
453 4248 531 4308 sumi
547 4261 643 4328 posse
654 4287 662 4321 ,
685 4250 718 4306 at
734 4243 833 4324 ipsam
849 4244 1001 4305 internam
1019 4247 1048 4302 ct
1066 4239 1179 4301 eccle·-

63 4361 221 4424 siesticam
245 4363 485 4421 memoratarum
511 4352 768 4418 constitutionum
791 4348 1023 4412 Pontificiarem
1048 4345 1186 4411 indolem

63 4471 218 4552 attingant
246 4483 282 4528 ac
308 4469 473 4528 enervent.
509 4460 596 4523 Patet
622 4459 653 4522 ld
680 4470 720 4522 err
748 4459 830 4545 ipsis¹
850 4454 911 4520 illis
938 4455 1084 4536 lapibus,
1109 4464 1186 4532 quas

923 4575 975 4630 38*
