2798 4852
512 322 515 327 «
606 280 766 385 ..cos
795 328 852 342 .-

166 495 232 539 ram
248 473 434 559 respectivis
454 477 616 557 utriusque
634 480 731 560 partis
748 477 824 541 loris
843 477 1070 540 ecclesiasticis
1087 484 1305 560 pertractem·

164 591 216 651 tur
227 605 237 661 3
263 584 368 647 taliter
386 588 465 648 euim
483 583 583 648 solum
595 584 676 647 ellici
698 593 810 667 potest,
830 592 862 647 ut
877 584 1053 648 huiusmodi
1071 586 1284 648 causaeiuxta
1370 588 1371 593 ’

161 693 317 774 principia
334 691 499 772 religionis
515 691 760 772 respectivarnm
778 694 907 771 partium
927 691 1145 756 diiudicentur.

167 833 174 840 .
250 799 344 861 Plura
362 802 542 881 praeteritis
559 801 709 865 llaiornm
727 806 904 862 nostrorum
923 800 1113 883 temporibus
1131 802 1160 862 iu
1180 816 1282 880 nego-

128 924 133 931 ·
162 909 208 970 tio
227 909 490 971 matrimoniorum
518 909 600 984 iuter
622 907 766 972 diversae
791 907 956 988 religionis
984 923 1136 986 personas
1154 914 1283 969 coutra-

165 1013 338 1076 hcndorum
357 1022 388 1077 et
406 1013 695 1091 dissolvendarum,
721 1015 883 1097 religionis
910 1018 981 1078 item
998 1015 1130 1096 prolium
1147 1035 1164 1077 e
1181 1016 1283 1077 mixtis

163 1123 365 1184 matrimoniis
383 1125 637 1205 progenitarum,
664 1123 703 1213 ob
730 1123 967 1212 praetensiqnes
994 1142 1050 1205 per
1067 1123 1284 1186 RCatbolicum

163 1228 288 1299 Clarum
305 1229 454 1309 sarmatas
473 1230 676 1304 acciderunt,
704 1249 783 1310 quae
801 1231 900 1294 libero
918 1231 1104 1311 religionum
1123 1233 1284 1305 exercitio,

166 1334 339 1417 harumque
353 1338 465 1399 iunium
484 1339 674 1418 aequalitati,
698 1344 789 1417 prout
805 1346 836 1400 et
852 1337 975 1420 legibus
992 1338 1285 1408 fundamentalibus,

168 1446 371 1510 securitatem
389 1464 596 1527 personarum
614 1446 813 1509 allidantibus
831 1451 1081 1524 calumniantur,
1116 1466 1197 1529 quae
1224 1462 1285 1508 nou

166 1552 265 1616 solum
282 1552 525 1631 individuorum,
543 1555 599 1617 sed
618 1555 811 1637 integrarum
837 1556 928 1618 etiam
941 1556 1125 1619 familiarum
1143 1558 1231 1619 vexis
1246 1547 1285 1616 'ao

165 1659 392 1735 calamitatibus
408 1647 620 1742 praebuerunt
638 1680 762 1736 ansam,
780 1665 840 1725 imo
860 1671 890 1726 et
906 1663 978 1725 talia
990 1712 1004 1737 ,
1017 1683 1096 1744 quae
1113 1683 1130 1726 e
1148 1662 1285 1744 receptis

164 1767 374 1854 religionibus
399 1774 489 1836 trium
507 1774 645 1835 asseclas
663 1777 816 1854 sanguine
834 1776 993 1854 acquisitis
1011 1779 1075 1837 suis
1101 1776 1220 1838 iuribus
1236 1779 1286 1836 via

164 1880 240 1944 lacti
258 1882 429 1962 privarunt,
445 1898 575 1968 quorum
592 1882 713 1942 minime
731 1882 982 1943 volumustamen
996 1865 1284 1943 inemoriamreno-
1342 1887 1345 1892 ’
1395 1963 1397 1971 Α

127 2018 129 2022 >
170 1968 246 2051 vare
257 2007 266 2063 ;
291 1995 339 2049 ast
356 1987 516 2069 profluens
546 1988 756 2070 elegislativa
786 1993 943 2067 potestate
960 2006 1027 2050 cum
1045 1989 1186 2070 Principe
1204 2004 1286 2050 com·

169 2096 255 2158 muni
272 2097 379 2156 stricta
398 2095 547 2177 obligatio
572 2096 658 2157 iubet
683 2112 740 2157 nos
758 2094 835 2157 -inde
862 2102 954 2157 enata
981 2095 1214 2159 recentioribus
1240 2095 1287 2156 bis

168 2204 360 2285 temporibus
377 2205 556 2283 gravamina
574 2203 733 2264 Maiestati
751 2201 832 2264 Vrae
849 2201 962 2266 SSmae
979 2203 1287 2281 humillimereprae·

168 2317 313 2383 sentare,
332 2309 414 2390 quod
427 2311 461 2372 'in
478 2309 637 2390 sequelam
663 2310 764 2372 editae
782 2328 836 2390 per
853 2309 1032 2372 Pontificem
1049 2309 1219 2371 Romanum
1236 2326 1287 2390 or·

168 2417 347 2493 dicationis,
366 2420 533 2480 occasione
551 2417 757 2498 copulationis
769 2419 799 2478 in
817 2420 921 2480 mixtis
933 2417 1137 2479 matrimoniis
1149 2433 1287 2478 consue-

169 2530 220 2587 tae
237 2525 445 2590 solennitates
464 2532 495 2601 et
512 2522 691 2587 benedictio
709 2523 917 2605 denegantur,
936 2525 996 2586 nisi
1013 2542 1085 2603 pars
1101 2523 1298 2586 RCatbolica'

169 2633 347 2695 nascituras
365 2635 526 2710 utriusque
543 2649 638 2694 sexus
654 2632 760 2713 proles
779 2634 809 2693 in
828 2650 882 2694 sua
908 2632 1065 2713 religione
1084 2650 1118 2694 se
1136 2620 1289 2693 educatu-

170 2759 236 2802 ram
263 2742 499 2824 appromiserit,
526 2742 645 2804 tametsi
671 2747 743 2822 post
771 2740 883 2803 editam
918 2741 1062 2820 superius
1087 2745 1306 2802 memoratam·

172 2848 398 2911 ordinationem
416 2848 447 2909 iu
463 2847 523 2911 boc
543 2848 720 2929 Principatu
737 2855 841 2910 votum
866 2849 964 2930 partis
981 2847 1185 2910 RCatbolicae
1202 2848 1290 2908 vario

169 2953 263 3018 modo
282 2957 447 3035 exigatur,
475 2954 545 3016 dum
563 2953 594 3014 in
610 2956 750 3033 partibus
766 2955 914 3016 Dioecesi
930 2953 968 3014 bl.
990 2954 1194 3017 Varadinensi
1212 2954 1290 3016 sub-

113 3088 117 3095 ’
170 3064 260 3125 iactis
277 3062 425 3135 formales
450 3059 648 3136 reversaleS,
675 3062 704 3121 in
732 3059 862 3140 reliquis
889 3077 965 3122 vero
991 3059 1080 3122 buius
1098 3058 1291 3140 Principatus

169 3170 251 3235 locis
269 3170 393 3232 nonnisi
410 3168 547 3232 verbalis
565 3167 770 3250 appromissio
788 3173 1023 3248 extorqueatur,
1042 3172 1170 3248 uterquc
1189 3172 1290 3241 tamen

170 3270 221 3342 hic
234 3280 353 3365 agendi
379 3277 488 3341 modus
510 3254 588 3339 nibil
615 3276 699 3338 aliud
728 3295 817 3357 quam
845 3276 876 3337 in
902 3275 1001 3337 forma
1018 3273 1141 3355 quidem
1163 3278 1291 3350 externa

167 3390 328 3458 nauatam,
347 3405 455 3449 verum
471 3384 594 3466 legibus
611 3401 762 3464 expresse
779 3382 1118 3446 vetitanrreversalium
1137 3380 1291 3442 desumti-

154 3514 264 3567 ‚onem
289 3485 425 3567 redolet,
457 3493 592 3572 ideoque
613 3494 704 3560 toties
733 3490 826 3552 fatam
858 3489 1015 3568 Pontificis
1044 3487 1291 3559 ordinationem,

173 3619 231 3682 qua
248 3606 445 3680 receptarum
471 3601 502 3661 in
527 3600 588 3661 hcc
605 3600 781 3679 Principatu
797 3597 982 3679 religionum
1001 3596 1167 3680 legetenus
1182 3595 1292 3657 ,stabi-

171 3709 245 3772 litae
279 3708 390 3771 iurium
422 3708 597 3789 aequalitati
634 3705 895 3783 con'trariantem,
924 3712 955 3766 et
983 3705 1115 3767 nocivas
1147 3701 1311 3784 sequelae*

172 3824 243 3899 post
267 3834 302 3879 se
320 3817 493 3879 trahentem
509 3831 580 3899 non⁴
598 3831 761 3894 possumus
777 3831 834 3894 pro
851 3813 966 3895 illegati
982 3832 1045 3904 non
1062 3790 1235 3875 declarare.¹

252 3925 330 3992 ,Non
357 3925 539 4007 ignoramus
557 3922 701 4004 quidem,
728 3919 810 4002 quod
828 3920 941 3983 eadem·
961 3921 1116 3990 ordinatio
1133 3938 1188 4001 per
1204 3918 1293 3982 RCa-

173 4033 321 4096 tholicum
338 4031 526 4114 Episcopum
543 4050 611 4094 curn
623 4029 853 4092 modificatione
865 4028 904 4089 sit
915 4027 1091 4109 publicata3
1108 4032 1177 4090 cum
1193 4034 1295 4089 tamen

174 4147 287 4205 tenore
313 4139 404 4203 huius
439 4158 562 4221 quoque
589 4157 661 4221 pars
687 4135 901 4201 RCatholicam
927 4136 1121 4216 Religionem
1147 4135 1295 4218 profitens

174 4267 231 4329 per
249 4248 445 4331 copulantem
463 4245 661 4308 sacerdotem
680 4264 718 4308 eo
730 4241 916 4322 disponenda
934 4242 1108 4315 ordinatur,
1120 4248 1152 4305 ut
1169 4242 1308 4304 alteram

169 4364 293 4439 ‚partem
312 4353 349 4416 ad
377 4346 863 4436 amplectendamJRCatbolicam
889 4350 1074 4432 religionem
1094 4349 1299 4429 persuadere,

177 4463 398 4546 demererique
408 4461 573 4539 adnitatur,
582 4461 732 4542 parochos
744 4458 940 4523 autemaliarn
951 4444 1139 4543 religionem
1152 4456 1299 4543 proliten-
