2798 4860
520 348 522 355 .
575 248 814 370 -477
792 324 832 339 -
864 218 906 327 ἶῨ
1085 239 1104 292 ’·

142 483 279 554 77771777;
305 475 442 569 demisso
469 480 571 535 tamen
600 482 668 539 meo
696 491 792 537 sensu
809 472 883 537 non
900 428 1033 538 uidetur
1060 476 1104 538 7117
1118 478 1184 558 legr
1203 496 1274 541 esse

143 580 323 676 obnoxius,
348 599 431 673 qua
450 599 520 644 eum
551 583 685 660 positiva
725 588 904 645 sanctorum
944 582 1180 663 Legislatorum
1223 585 1274 644 in·
1297 618 1322 633 ..
1388 633 1394 640 .

127 693 244 758 'tentio
258 668 343 752 baud
359 686 623 768 comprehcndit,
654 684 855 779 indulgentia
866 706 942 753 7777
954 689 1160 771 Apostolicae
1178 689 1271 752 Sedis
1358 692 1361 697 ’

115 796 268 889 diserte
296 794 440 858 absoluit.
464 792 546 884 Sane
571 794 624 856 171.
649 810 714 857 777.
739 795 882 859 Summus
908 796 1054 861 Pontifex
1079 796 1272 859 Benedictus

143 903 276 967 7111177
288 920 349 966 sua
365 878 580 983 declaratione
598 918 711 980 super
727 902 833 966 dubus
846 904 1087 983 respicientibus
1106 907 1268 968 matrimo·
1312 903 1316 911 '
1338 918 1341 925 “

142 1012 191 1076 nia
209 1013 245 1074 177·
259 1006 423 1096 llollandia
440 1014 473 1069 et
487 1005 596 1090 Belgio
614 1014 776 1071 contracta
794 1015 825 1071 71
841 1006 1080 1084 contrahenda,
1089 1010 1177 1073 7174.
1189 1011 1267 1073 Ν77.
1287 994 1290 999 ’

144 1092 442 1205 lidlgclarissimis
458 1116 560 1178 verbis
578 1119 745 1186 enunciat,
777 1116 860 1196 quod
887 1117 914 1178 si
932 1117 1162 1184 matrimonium
1181 1117 1271 1182 huius
1291 1140 1295 1151 ¹
1314 1141 1329 1211 Ἰ
1356 1132 1365 1181 .·

133 1222 274 1308 generis
298 1224 473 1311 Tridentini
498 1223 596 1285 lorma
623 1240 685 1286 non
710 1228 838 1286 7777717
855 1224 969 1311 ibidem
997 1231 1200 1316 contractum
1217 1227 1271 1297 sit,
1324 1259 1337 1309 .·.
1378 1294 1382 1303 Ι

143 1333 222 1393 aut
213 1349 246 1395 m
256 1336 418 1410 posterum
429 1331 572 1392 contrabi
589 1333 763 1412 contingat,
776 1331 1003 1394 matrimonium
1015 1326 1190 1395 huiusmodi
1208 1330 1271 1392 7117
1315 1350 1318 1361 ·
1347 1330 1350 1339 “

142 1455 205 1502 non
224 1426 415 1501 occurrente
439 1428 594 1500 canonico
620 1436 839 1517 impedimento
855 1438 990 1501 ualidum
1015 1438 1199 1527 babendum
1219 1442 1285 1512 771·
1339 1445 1346 1489 .·
1391 1462 1397 1475 ·

142 1551 322 1609 7177777177
323 1563 340 1607 e
357 1545 546 1629 coniugibus
564 1545 673 1608 donec
684 1545 764 1608 alter
780 1563 897 1617 eornm
907 1546 1142 1628 supervixerit,
1169 1545 1270 1627 possit
1332 1591 1336 1599 .
1356 1561 1361 1575 ⁴

143 1651 200 1714 sub
219 1653 350 1749 7171777177
379 1651 624 1733 71171771777777
650 1671 724 1737 nen
738 1661 884 1717 77777177
915 1672 1034 1718 novum
1045 1657 1271 1717 matrimonium
1356 1654 1361 1661 '

123 1746 237 1852 inire
262 1757 413 1822 Rationes
430 1760 522 1821 etiam
547 1759 638 1823 huius
664 1778 742 1823 suae
769 1761 952 1824 decisionis
965 1764 1125 1844 assignat
1126 1742 1271 1825 Pontifex
1358 1778 1361 1783 ·

141 1840 193 1946 pb.
206 1830 244 1928 6.
262 1865 313 1929 717
319 1867 393 1945 Syn
412 1865 519 1931 Dioec.
538 1885 564 1929 c.
591 1867 622 1927 6.
641 1885 670 1929 n
691 1858 1009 1955 12.1717177717717777;,
1012 1868 1175 1942 ,Quoniam
1200 1861 1282 1930 77777Ι

141 1990 309 2054 coniugum
327 1971 407 2034 alter
422 1981 485 2036 turn
502 1976 625 2036 ratione
642 1974 721 2047 1777
754 1993 784 2037 777
803 1992 863 2056 qno
881 1976 1018 2051 habitat
1052 1984 1115 2038 turn
1140 1977 1289 2059 77117777,
1350 1994 1355 1999 ·

139 2074 312 2172 societatis,
328 2084 365 2144 177Ι
376 2083 705 2163 (177717117747777177
722 2084 765 2145 711
781 2101 798 2144 7
814 2083 1015 2146 Tridentinae
1032 2083 1150 2162 Synodi
1167 2083 1265 2165 lege:
1303 2087 1308 2095 “
1336 2146 1341 2152 ,
1367 2060 1386 2089 ”

143 2189 294 2267 exemtis,
306 2207 366 2271 qua
377 2173 576 2271 ipse-fruitur,
588 2172 680 2253 alteri
690 2192 769 2270 parti
782 2190 1009 2281 communicata
1019 2190 1270 2274 remanetpropss

146 2286 461 2367 Ι17717771171717711717777
474 2303 664 2369 7771777177,
677 2298 707 2357 71
719 2298 806 2359 cuius
819 2299 976 2377 executi-o,
986 2297 1065 2377 quad
1076 2299 1128 2359 77771
1140 2317 1157 2359 7
1168 2300 1268 2378 parti·

142 2399 378 2483 bus'cempetit‚
396 2404 435 2465 ad
453 2405 580 2465 alteram
598 2403 769 2467 secuudum
787 2408 880 2493 etiam
897 2405 986 2487 leges
998 2404 1106 2468 7171177
1119 2402 1266 2467 extendi·
1288 2382 1294 2392 ⁸
1313 2394 1316 2399 ’
1338 2388 1342 2393 ’

140 2502 210 2589 1777,Ἰ
221 2510 384 2592 eidemque
401 2504 664 2578 communicatur.¹
677 2512 812 2591 Repetit,
836 2496 975 2595 7777771777
992 2508 1096 2575 reddit
1114 2512 1170 2574 1777
1186 2513 1268 2587 rati·
1301 2569 1304 2576 .
1341 2576 1346 2584 ,

139 2635 220 2683 ones
235 2616 380 2681 Clemens
397 2616 479 2680 Xlll.
499 2619 529 2686 in
547 2619 635 2681 177771
653 2619 837 2700 apostolico·
853 2619 907 2687 ,7117
935 2618 985 2703 15.
1015 2618 1094 2701 Maii
1117 2616 1210 2680 1767.
1231 2615 1281 2677 ad.
1340 2610 1344 2621 '
1364 2688 1369 2697 ¹

139 2725 286 2811 rillppum
300 2722 554 2788 llechliniensem
577 2725 703 2787 dimisso
718 2747 738 2786 :·
752 2727 1018 2809 „Matrimonium
1034 2725 1137 2806 inquit
1148 2727 1266 2797 ,inter
1313 2720 1317 2725 ’

121 2833 276 2903 :nobilem
292 2832 479 2895 catholicum
497 2841 527 2910 71
543 2833 665 2899 viduam
681 2841 905 2914 protestantem
922 2833 953 2896 in
966 2822 1130 2899 llollandi'a
1143 2833 1264 2902 initum,
1326 2892 1329 2896 ,
1349 2924 1351 2928 y

123 2940 305 3004 ι7717117717
322 2928 448 3019 aliquod
465 2939 547 3002 7117771
564 2943 747 3003 canonicum
764 2943 889 3004 intersit
905 2938 1172 3038 impedimentum,
1203 2939 1264 2999 etsi

140 3046 296 3121 illicitum,
314 3047 450 3110 validum
467 3055 569 3109 tamen
587 3064 659 3109 7777
677 3065 853 3117 censemus,
870 3049 1035 3128 atquelroo
1048 3045 1181 3127 quidem
1183 3044 1266 3108 iudi·
1275 3042 1280 3051 '
1311 3122 1313 3127 ,
1360 3096 1363 3101 .

140 3175 224 3222 cmm
240 3164 379 3219 nostrum
398 3174 435 3219 77
452 3155 649 3237 potissimum
663 3153 865 3218 fundamento
882 3157 1005 3230 77717777
1032 3152 1116 3234 qnod
1132 3151 1267 3215 Triden
1286 3196 1290 3202 .
1355 3192 1391 3244 .·

139 3266 214 3328 tima
230 3263 314 3343 lege,
331 3280 411 3342 quae
428 3262 468 3324 de
485 3262 687 3325 matrimoniis
703 3276 808 3341 coram
824 3263 952 3342 proprio
969 3242 1111 3342 parocho
1129 3265 1265 3337 contra·
1291 3282 1294 3289 ·

141 3369 258 3433 17777177
274 3371 396 3433 sancita
415 3375 472 3442 est
491 3368 672 3431 mulierem
665 3388 695 3430 777
713 3369 874 3432 Hollandm
893 3377 993 3432 natam
1011 3366 1268 3430 nontenerrcer
1297 3392 1301 3399 ·
1337 3374 1341 3383 '
1385 3385 1389 3396 ·

139 3484 206 3541 tum
220 3478 265 3539 -sit
282 3478 368 3539 iuxta
385 3473 628 3565 declarationem
655 3481 783 3556 sanctae
810 3469 980 3538 memoriae
1005 3462 1165 3537 Benedicti
1188 3461 1288 3535 Χ111μ1
1318 3463 1323 3470 ’

141 3601 171 3646 a.
207 3580 305 3646 1741.
333 3581 467 3657 editam3
490 3563 573 3663 qnod
595 3581 733 3669 mulieris
758 3582 956 3664 privilegium
982 3585 1050 3644 viro
1078 3576 1171 3644 etiam
1198 3597 1268 3665 cum

141 3691 195 3755 illa
213 3690 418 3753 contrahenti
441 3691 664 3755 communicari
681 3689 799 3767 debere
812 3684 825 3755 ,’
847 3692 905 3752 7171
921 3686 1011 3752 uirtus
1023 3701 1026 3711 ·
1038 3678 1105 3769 ipse
1122 3688 1163 3750 sit
1181 3691 1265 3751 inter

131 3795 331 3869 catholicos,
346 3794 522 3881 ibidemque
540 3794 784 3864 vitamduxerit,
803 3796 854 3858 ubi
871 3796 934 3876 legi
952 3784 1280 3870 1777777“7771,’71771777.’.

140 3905 264 3989 pariter
280 3910 328 3966 est
345 3901 444 3965 eidem
470 3900 711 3982 praedecessori
733 3896 848 3965 'nostro
876 3903 914 3963 de
933 3886 1004 3983 Sym
1022 3903 1129 3966 Dioeo.
1151 3902 1171 3962 1.
1189 3901 1269 3995 6.,7ς

139 4013 172 4074 6.
191 4031 223 4074 n.
243 4010 294 4073 12.
321 4013 383 4076 Cur
400 4012 506 4093 itaquo
524 4009 743 4079 ambesummi
760 4011 922 4074 Pontifices
940 4001 1177 4098 liuius'generis
1197 4025 1266 4069 ma-
1284 4079 1287 4084 ¹
1336 4041 1338 4045 ν
1380 4012 1381 4017 ’

135 4121 288 4184 1717777717
307 4138 363 4201 pro
382 4120 493 4182 validis
510 4118 751 4207 declaraverint,
768 4120 1001 4182 fundamentum
1019 4124 1085 4180 ast:
1102 4115 1183 4198 quod
1195 4131 1274 4198 pars,
1387 4143 1392 4152 ·

110 4250 114 4256 ·
137 4220 316 4291 acatholica
332 4234 393 4290 tam
408 4227 534 4290 ratione
550 4226 632 4299 loci,
652 4227 683 4288 in
701 4244 762 4305 quo
781 4225 888 4308 degit,
912 4244 1002 4305 quam
1020 4228 1145 4289 ratione
1164 4224 1267 4287 socie·
1293 4216 1299 4225 ⁴

140 4332 237 4407 talis,
254 4331 303 4397 ¹¹ad
319 4351 411 4416 quam
429 4335 583 4416 pertinet,
611 4332 805 4414 obligatione
831 4330 1033 4394 Tridentinae
1060 4331 1144 4414 legis
1157 4333 1267 4402 777777,
1287 4320 1290 4325 ’
1358 4412 1366 4421 ⁶

137 4445 232 4506 177777·
249 4448 334 4504 suam
361 4442 580 4504 executionem
607 4443 686 4517 parri
714 4441 803 4500 7117777
831 4437 1014 4509 7711711777
1045 4439 1265 4504 communicet·

503 4560 505 4563 ’
1002 4557 1063 4621 3111,
1154 4556 1158 4565 ’
