2798 4852
581 260 749 333 ...378
793 301 850 316 -

142 460 240 556 Legis
256 457 481 524 Sacrameutis.
505 454 542 518 3
568 457 688 519 Causas
711 449 961 517 matrimoniales
979 454 1130 532 spectare
1147 446 1187 511 ud
1199 449 1275 513 indi·

58 592 61 597 Δ
146 564 202 631 ces
218 566 480 631 Ecclesiasticus.
505 560 552 625 Ob
569 562 700 655 primum
717 542 864 621 catholici
875 572 1052 636 agnuscere
1070 573 1136 620 nun
1153 563 1270 638 possunt

148 690 206 773 pru
226 674 367 756 legitimo
384 670 532 734 iudicium
547 666 645 742 illud,
671 663 756 746 quud
781 669 894 727 contra
919 661 994 726 lidei
1021 660 1122 722 cath
1139 662 1277 745 principia

145 778 275 842 facilius
292 777 469 841 dissolvere
486 778 592 858 potest
618 770 658 832 ob
683 771 854 850 inquietam
882 767 1169 831 cohabitationem
1185 771 1279 831 matri·

33 940 37 945 .
148 886 307 956 munium,
334 901 427 964 quam
454 877 621 960 implexam
645 875 688 957 dq
711 875 837 937 delectu
864 891 1049 939 cousensus
1074 874 1279 954 quaestionem

68 1052 72 1063 ,
149 989 318 1066 discutere,
328 1007 367 1051 eu
384 984 570 1065 ceteroquin
587 978 690 1045 minus
706 981 932 1053 necessariam,
962 978 1051 1060 quod
1071 996 1202 1061 semper
1217 999 1281 1043 uer·

80 1121 83 1128 ·
148 1099 211 1159 tius
224 1095 495 1176 clarequcp'ateat
512 1107 560 1164 ea,
578 1106 659 1172 quae
674 1106 717 1150 ex
733 1085 865 1150 mules'ta
898 1082 1152 1149 cohabitatione
1166 1086 1282 1168 petitur,

150 1206 269 1277 causa,
295 1218 386 1282 quam
413 1216 458 1261 ex
481 1196 609 1260 delectu
625 1209 813 1259 cousensus.
839 1194 914 1256 Cum
933 1208 1040 1275 porru
1072 1193 1161 1254 iuxta
1179 1210 1283 1255 sccun-

153 1309 224 1371 dum
240 1307 478 1375 err-‚memuratis
503 1303 578 1366 fidei
603 1302 743 1365 articulis
759 1302 986 1363 matrimonium
998 1302 1045 1363 -sit
1062 1280 1144 1362 vere
1167 1306 1196 1362 et
1212 1318 1277 1381 pru·

152 1415 223 1498 prie
238 1419 398 1495 useptem
413 1411 452 1475 N.
468 1409 500 1472 L.
518 1408 750 1481 Sauromatum,
778 1407 894 1471 nullius
920 1407 1014 1477 etium
1041 1424 1130 1486 pure
1146 1385 1292 1469 catholici

132 1527 247 1601 ,etque
275 1516 475 1601 epr-incipiis
499 1515 578 1579 fidei·
597 1515 680 1578 ceth.
708 1513 792 1577 baud
816 1514 1066 1594 repugnantibus
1093 1513 1283 1593 procedentis

152 1626 253 1693 civilis
268 1624 375 1688 iudicii
391 1623 577 1686 sententiam
593 1624 625 1685 iu
641 1618 858 1684 contrahendo
875 1618 1077 1684 matrimonio
1103 1618 1282 1703 prulunda·

148 1737 326 1796 mentuunt
341 1729 454 1813 regula
471 1729 655 1811 simpliciter
672 1734 703 1790 et
719 1727 898 1790 omnimode
909 1745 1090 1808 agnoscere
1112 1727 1282 1809 habereque

139 1844 259 1920 ¹potest
275 1836 457 1901 cntbuticns
472 1835 574 1909 ullus,
600 1853 671 1898 cum
696 1833 795 1897 civilis
821 1833 940 1897 iudicii·
955 1835 1121 1899 sententia
1151 1833 1283 1899 ultraci·

154 1943 385 2011 vitesettectus
402 1960 438 2011 se
455 1941 632 2006 extendere
648 1947 805 2023 nequeat,
832 1939 978 2003 catholici
995 1932 1107 2027 aut-em
1136 1942 1280 2007 umnesiu

43 2099 46 2107 .
155 2048 371 2118 contrahendo
396 2048 593 2112 matrimonio
619 2048 822 2129 praecipuam
841 2032 1056 2120 sacramenti,
1082 2047 1171 2128 quud
1194 2054 1280 2113 erin

153 2159 321 2241 sphaeram
338 2154 441 2219 civilis
457 2154 563 2218 iudicii
581 2160 639 2227 est,
656 2156 810 2218 rationem
837 2153 955 2215 babere
982 2153 1122 2216 debeant
1149 2161 1181 2218 et
1201 2153 1274 2218 obli-

152 2270 276 2345 gentur.
302 2261 442 2342 Denique
459 2278 530 2323 cum
546 2261 635 2323 iuxta
653 2261 778 2323 tertium
804 2277 846 2322 ex
871 2259 1014 2322 adductis
1032 2258 1108 2324 fidei
1127 2261 1211 2347 cath.
1231 2277 1279 2322 ar·

123 2380 126 2385 ’
152 2364 257 2435 ticulis
268 2366 519 2434 matrimoniales
534 2383 650 2429 causae
669 2367 708 2430 ob
726 2368 1084 2430 sacramentirationem
1103 2364 1146 2428 ad
1159 2366 1281 2431 iudices

91 2491 94 2496 ·
150 2480 296 2556 'spectent
312 2473 569 2548 Ecclesiasticus,
589 2472 694 2536 nullus
712 2476 840 2538 omuino
857 2473 1031 2537 catholicus
1059 2493 1134 2537 cum
1152 2492 1278 2555 persona

155 2581 246 2646 alteri
263 2581 434 2662 aliquando
453 2582 597 2666 copulata
616 2584 742 2645 vivente
759 2583 856 2662 priori
874 2584 945 2644 viru
957 2585 1194 2646 matrimonium
1210 2601 1280 2646 cun·

152 2681 279 2752 lruhere
297 2697 431 2772 potest,
456 2692 523 2756 uisi,
536 2692 688 2770 congruis
705 2687 889 2752 iudiciorum
907 2689 1200 2754 ecclesiasticorum
1215 2708 1280 2754 sen·

144 2769 261 2860 'tentiis
279 2797 437 2861 delinitum
453 2801 507 2876 sit,
523 2800 610 2880 prius
627 2799 854 2860 matrimonium
879 2796 919 2860 ub
944 2798 1165 2861 interveniens
1190 2800 1279 2879 impe·

155 2903 325 2967 dimuutum
343 2905 494 2968 dirimens
510 2904 626 2967 uullum
642 2905 751 2968 luisse.
776 2906 880 2987 Atque
897 2906 936 2967 ad
947 2906 1025 2967 haec
1036 2906 1106 2986 ipsa
1123 2906 1276 2988 respicere

154 3011 319 3074 articulum
337 3011 400 3074 26:
429 3010 524 3074 1791.
543 3011 741 3075 manifestum
769 3021 830 3075 est.
854 3014 930 3076 Nam
948 3018 977 3086 §.
998 3013 1049 3075 ll.
1067 3014 1196 3079 diuortii
1211 3031 1274 3076 sen·

153 3118 267 3181 tentius
284 3117 354 3182 illas
372 3136 480 3182 omues
498 3119 623 3182 nonnisi
641 3119 744 3198 quoad
761 3119 893 3183 effectus
910 3120 1019 3183 civiles
1036 3120 1147 3184 valere
1164 3122 1272 3189 statuit

158 3231 221 3285 tum
235 3225 410 3304 Episcopus
428 3223 466 3287 ad
484 3225 719 3308 agnoscendam
737 3225 893 3288 talismudi
911 3226 1024 3288 vinculi
1042 3227 1217 3290 nullitatem
1233 3233 1272 3288 at·

147 3334 216 3412 'que
236 3331 275 3393 ad
292 3330 464 3395 catholicus
482 3315 714 3395 extendendam
732 3333 868 3414 obligari
894 3336 1026 3414 nequire
1044 3334 1176 3406 asserit,
1193 3333 1276 3397 deni·

157 3456 219 3519 que
239 3445 269 3513 §.
291 3439 339 3500 16.
358 3457 466 3502 omnes
484 3442 650 3502 mixtorum
667 3446 756 3501 matr.
775 3456 889 3502 causas
905 3440 1032 3501 sedibus
1061 3441 1277 3507 catholicorum

159 3544 374 3623 spiritualibus
390 3544 580 3610 deferendus
599 3544 743 3609 decernit
769 3565 805 3609 ea
832 3564 985 3628 expressa
1013 3565 1133 3620 causa,
1161 3547 1279 3629 quudin

72 3670 75 3676 ·
112 3671 117 3685 ¹
157 3649 207 3711 his
225 3651 264 3712 de
280 3655 349 3714 veri
365 3654 501 3716 numinis
519 3638 717 3715 sacramento
734 3659 857 3733 agatur.
884 3655 960 3715 Cum
977 3655 1060 3715 euim
1078 3653 1151 3717 illas
1168 3652 1283 3717 divortii

157 3761 328 3822 sententias
346 3762 471 3823 nuuuisi
488 3760 589 3841 quoad
607 3762 736 3822 effectus
763 3760 873 3822 civiles
890 3760 1005 3841 ubique
1022 3777 1079 3842 pru
1104 3760 1218 3825 validis
1234 3761 1283 3823 ba·

158 3864 277 3930 bundas
297 3868 456 3943 declaret,
490 3885 644 3947 nusquam
670 3868 778 3947 utique
805 3869 836 3929 in
865 3867 1035 3930 urdine-ad
1053 3869 1194 3931 ellectus
1210 3871 1283 3930 eius·

111 3978 114 3983 '
160 3970 252 4044 modi,
270 3977 322 4054 qui
338 3975 531 4039 sacramenti
546 3978 699 4039 rationem
718 3976 900 4049 involvunt,
926 3973 1042 4037 uslere
1059 3992 1158 4054 posse
1174 3971 1283 4057 signifi,-

54 4076 63 4092 ³
161 4080 233 4148 cat;
250 4077 381 4142 ellectus
398 4087 522 4154 autem,
550 4082 859 4160 quu'matrimunium
886 4100 956 4144 cum
983 4082 1142 4147 catholiea
1159 4095 1282 4167 persono

164 4181 304 4242 contrahi
320 4183 442 4257 valeat,
461 4187 654 4252 Saurameuti
670 4189 777 4269 utique
794 4188 951 4252 rationem
968 4192 1131 4269 continet,
1149 4191 1278 4268 adeoquo

65 4339 76 4369 ,Ι
166 4293 233 4340 uum
257 4286 288 4345 in
313 4290 368 4351 tali
393 4295 608 4372 matrimonio,
634 4295 830 4376 utiipsehie
848 4296 1000 4358 articulus
1018 4303 1132 4375 motat,
1157 4296 1195 4358 de
1218 4291 1274 4355 reri

164 4386 296 4450 numinis
321 4409 514 4463 sacramento
541 4410 673 4482 agutur,
700 4420 795 4467 eausa
823 4404 1039 4490 spiritualibus
1067 4407 1275 4472 catholicorum
