2798 4852
488 339 492 348 Ι
612 185 874 315 -562-Ῐ

166 443 324 503 rationem
341 445 532 521 spectarent,
549 439 697 520 precibus
715 440 807 501 etiam
824 437 953 500 innoxie
965 435 1134 502 fundendis
1151 437 1181 498 in
1198 439 1279 501 salac

164 547 285 610 relictis
303 579 346 590 «-
363 577 403 589 -
422 548 453 609 in
469 548 580 627 vigore
595 545 738 609 relicta.“
765 545 905 608 Articulo
923 541 953 610 7.
981 544 1125 609 eiusdem
1142 563 1170 608 a.
1193 542 1280 609 llll.

95 652 98 657 ‘
119 659 122 664 ’
164 672 273 717 ornnes
289 652 425 718 Articuli
437 654 564 735 approb.
583 650 750 734 etCempil.
769 641 1041 725 constitutionum,
1059 650 1112 732 qui
1129 650 1282 733 Religioni

163 761 344 826 Catholicae
369 759 598 843 praeiudicium
635 757 786 839 quoddam
812 759 1009 831 inferebant,
1041 759 1157 822 sublati
1197 767 1280 822 sunt:

92 849 113 920 s
162 868 429 946 „considerantes
447 886 560 950 porro,
588 867 663 931 nihil
689 885 744 949 pro
761 868 842 930 bono
861 868 981 930 Patriae
1005 848 1190 946 exoptatius
1209 885 1282 928 eve-

85 1030 88 1037 .
162 981 230 1042 nire
248 994 363 1058 posse,
402 992 491 1058 mam
508 983 542 1038 ut
557 976 681 1039 sublato
697 976 820 1055 penitus
837 975 970 1057 partium
987 974 1093 1038 studio
1116 977 1219 1038 omnis
1236 973 1281 1037 di-

70 1065 76 1071 ⁶
163 1083 307 1149 scordiae
324 1089 356 1144 et
373 1083 636 1164 querimoniarum
654 1100 730 1143 ansa
747 1081 1127 1164 eradicaretur‚acquurn
1151 1081 1295 1164 proinde

164 1189 350 1272 putavimus,
361 1195 395 1251 ut
407 1187 487 1251 sicut
496 1190 527 1251 in
538 1187 738 1269 praecedenti
757 1187 787 1250 6.
808 1190 971 1251 art.trium
983 1187 1165 1265 Rationum,
1183 1197 1215 1251 at
1232 1208 1279 1252 re-

59 1325 65 1336 *
83 1286 84 1289 '
161 1300 319 1379 ceptorum
336 1295 387 1358 hic
404 1300 537 1375 quatuor
553 1293 750 1375 Religionum
776 1293 808 1355 in
833 1294 977 1377 generali
1003 1304 1210 1378 prospectum
1228 1305 1279 1371 est,

127 1411 286 1485 suesque
312 1401 381 1463 aR.
409 1399 570 1464 Catholica
586 1399 753 1481 Religione
780 1399 927 1464 diversae
943 1401 1036 1482 plena
1055 1409 1088 1464 ct
1106 1404 1277 1485 omnimoda

12 1530 17 1538 ·
115 1497 121 1506 ⁸
158 1513 311 1584 libertate,
328 1508 485 1589 nullisque
512 1510 766 1589 circumscriptae
782 1506 908 1591 legibus
926 1517 1062 1586 essent
1079 1510 1122 1574 ita
1151 1529 1215 1574 non
1239 1498 1279 1573 di·

59 1603 75 1616 ”
159 1625 301 1701 sputatur
324 1623 427 1679 aetate
445 1623 573 1692 nostra,
599 1635 659 1680 ncc
686 1615 894 1696 disputabitur
911 1617 1104 1680 successivis
1121 1620 1279 1698 quibusvis

156 1728 372 1807 posteritatum
390 1741 514 1805 quoque
540 1731 716 1788 nostrarum
744 1725 936 1807 temporibus
962 1724 1178 1817 Episcopatus
1196 1726 1277 1791 RCa·

99 1896 102 1903 ,
156 1833 264 1897 tholici
280 1839 311 1895 at
327 1829 467 1914 Capituli,
485 1831 780 1912 Canonicorumque
798 1835 968 1908 restitutio,
995 1835 1084 1897 iuxta
1102 1833 1277 1900 Resolutio·

82 1997 88 2011 ,
156 1957 212 2031 nes
229 1940 379 2004 haetenus
398 1946 575 2010 emanatas,
603 1957 673 2002 cum
699 1940 746 2004 illi
767 1957 903 2004 assensu
919 1941 1062 2021 Statuam
1080 1950 1112 2004 ct
1129 1941 1276 2007 Ordinem

24 2014 28 2020 Ι
50 2028 52 2032 ’
156 2040 226 2130 suot
242 2047 411 2110 introducti
430 2052 458 2108 et
477 2046 643 2129 acceptati,
670 2046 755 2110 Ordo
772 2054 847 2112 vero
865 2049 989 2112 Patrem
1006 2048 1183 2114 societatis
1199 2051 1275 2123 Jesu

129 2141 293 2247 ‘Eppatus
309 2155 551 2237 Fogarasiensis
579 2152 615 2217 G.
644 2154 679 2218 R.
696 2155 763 2218 Rel.
782 2153 986 2249 RCatholi‘cae
1012 2176 1093 2220 vere
1109 2162 1273 2229 unitorum.

20 2248 24 2255 ²
64 2306 67 2311 Α
153 2263 283 2327 realiter
299 2260 434 2334 admissi,
453 2261 484 2324 in
504 2260 684 2338 fundorum,
702 2254 865 2336 bonorum,
883 2269 914 2325 et
931 2263 1186 2339 beneficiorum,
1203 2285 1272 2348 quae

39 2424 42 2433 ,
144 2371 282 2443 babent,
298 2368 501 2449 possessione
519 2367 691 2432 confirmati
709 2372 830 2446 uiuant,
849 2370 961 2434 deletis
978 2371 1061 2451 illis,
1080 2376 1135 2455 qui
1154 2378 1185 2440 in
1202 2394 1271 2441 coa·

127 2480 130 2487 '
154 2480 283 2544 trarium
300 2492 355 2537 seu
372 2466 569 2558 generaliter
585 2493 642 2538 seu
659 2477 839 2558 specialiter
864 2479 913 2541 vel
940 2481 1185 2558 particulariter
1200 2483 1271 2546 laci-

153 2594 224 2657 uut,
255 2583 416 2657 articulis,
445 2584 631 2665 Approbatis
650 2585 700 2644 vel
718 2583 898 2663 compilatis
916 2586 1022 2650 Const.
1041 2589 1198 2669 insertis,
1227 2599 1271 2653 aut

152 2695 224 2759 alibi
251 2693 482 2762 existentibus,
515 2694 545 2754 in
573 2699 720 2771 (quantum
737 2691 893 2773 Religioni
920 2694 1131 2760 RCatlrolicae
1160 2703 1270 2782 absque

152 2801 292 2864 laesione
311 2800 440 2862 aliarum
457 2798 655 2879 Religionum
682 2800 923 2881 praeiudicant,
950 2802 1148 2886 Episcopum
1168 2808 1270 2870 exclu-

150 2909 237 2981 dunt,
248 2907 420 2970 Canonicos
432 2925 448 2967 a
460 2925 534 2968 cura
547 2915 576 2968 et
592 2909 734 2973 custodia
745 2908 951 2972 drcbivo'rum
964 2909 1116 2976 Albensis
1130 2916 1268 2978 videlicet

149 3024 180 3078 et
195 3013 556 3078 Rclosmonostoricnsis
586 3024 703 3088 arcent,
721 3017 893 3095 Ecclesias,
905 3018 1052 3100 collegia,
1069 3020 1267 3093 Monasteria.

148 3130 179 3184 et
195 3121 391 3185 Residcntias
408 3102 641 3203 Religi'osorum
658 3130 729 3185 actu
745 3125 776 3186 in
803 3125 861 3186 hae
879 3126 978 3207 patria
1007 3128 1219 3193 existentium
1234 3130 1264 3193 ad

147 3237 232 3292 certa
251 3229 400 3296 duntaxat
416 3228 482 3292 loca
499 3231 704 3310 restringunt,
732 3232 863 3295 liberum
882 3232 1070 3296 exercitium
1089 3246 1223 3312 vetant,
1239 3246 1263 3300 et

53 3423 59 3435 ,
115 3324 327 3399 ¹>immunitati
360 3337 592 3401 ecclesiasticae
625 3341 844 3419 quoquomodo
887 3342 1120 3417 adversantur,
1157 3347 1262 3428 pariter

144 3443 292 3507 articulos
310 3445 491 3508 societatem
509 3447 586 3509 Jesu
602 3447 855 3526 proscribentes,
884 3449 1025 3513 lautores
1045 3468 1160 3516 eorum
1178 3461 1259 3516 notae

142 3548 331 3612 infidelitatis
359 3552 561 3614 subiicientes
586 3571 643 3633 pro
669 3554 1038 3636 altrogatisdeclaramus
1052 3583 1060 3638 3
1080 3560 1115 3622 in
1144 3563 1253 3643 reliquo

143 3654 270 3736 legibus
287 3665 317 3718 et
335 3657 484 3731 articulis
502 3661 531 3720 in
550 3668 697 3738 quantum
714 3665 924 3735 securitatem,
950 3667 1022 3727 iura
1042 3685 1079 3727 ac
1100 3669 1255 3749 privilegia

142 3779 229 3824 sacra
248 3782 284 3825 ac
302 3765 402 3826 civilia
421 3767 512 3828 trium
540 3768 631 3829 etiam
651 3787 666 3827 a
685 3766 842 3832 Catholici
861 3771 1058 3834 diversarum
1077 3776 1253 3859 religienum

140 3877 336 3952 receptarum
363 3875 533 3947 continent,
552 3874 648 3938 salvis
666 3888 790 3957 semper
809 3878 1016 3945 manentibus.
1044 3880 1083 3944 Et
1103 3884 1183 3948 haec
1199 3902 1251 3947 om

140 3975 188 4037 nia
206 3994 303 4041 sensu
320 3976 516 4060 diplomatum
536 3990 565 4044 et
593 3985 832 4049 subsecutarum
849 3985 1091 4053 Resolutionum
1111 3993 1143 4053 C.
1162 3993 1195 4054 R.
1211 3993 1249 4052 in-

139 4080 355 4163 telligantur.“
376 4119 412 4129 -—
434 4088 594 4151 dr'ticulus
621 4091 656 4148 V.
684 4091 805 4155 Novell.
835 4112 862 4155 a.
893 4092 987 4156 rtet.
1018 4096 1058 4160 de
1085 4100 1249 4161 iuramenta

141 4187 273 4252 Ueiouis
290 4193 368 4254 baec
387 4193 498 4256 babet:
515 4197 583 4267 „De
602 4197 776 4262 iuramento
788 4199 917 4264 Unionis
935 4205 1029 4266 trium
1042 4204 1075 4267 in
1093 4206 1154 4269 hcc
1171 4206 1246 4269 Prio-

137 4292 238 4369 cipatu
254 4296 427 4371 Rationum,
455 4309 487 4363 ct
505 4311 638 4382 quatuor
655 4305 844 4386 religionum
861 4319 1066 4393 receptarum
1085 4314 1118 4378 in
1136 4314 1246 4378 conlur-

136 4399 242 4463 mitate
269 4408 547 4481 praeexistentium
572 4410 678 4494 legum
707 4413 894 4494 deponendo
922 4424 953 4478 et
979 4420 1193 4487 observando.
1221 4418 1243 4478 lt
