2798 4852
581 259 841 336 -498-'

127 482 199 528 num
215 463 265 526 vel
281 467 513 525 consentaneus
531 457 582 531 sit,
601 455 652 519 vel
670 454 782 520 saltem
798 471 861 523 non
873 452 1093 535 praeiudicata
1111 457 1244 516 ettamen

127 569 288 634 excelsum
313 569 395 631 buno
422 553 549 646 scopum
567 562 653 626 Idem
670 563 754 647 Aug.
777 561 929 627 Dominus
945 577 1248 642 nequaquamasse-

128 684 219 741 cutus
245 683 303 739 est.
330 707 370 719 -
388 675 423 738 la
440 671 645 736 Resolutione
670 670 704 735 R.
730 676 796 736 tota
812 670 1008 750 quaestionis
1025 662 1122 734 istius
1138 667 1249 733 decisio

16 805 19 810 ·
38 834 42 839 .
128 785 248 847 liberae
264 788 389 847 mutuae
405 781 631 845 matrimonium
657 778 911 843 contrahentium
927 778 1139 842 conventioni
1154 773 1250 862 relin7

129 885 245 971 quitor.
272 921 311 933 -·
336 889 526 953 Libertatem
549 889 618 968 ipse
652 902 776 967 quoque
801 883 948 949 lubenter
973 885 1170 966 amplector:
1200 886 1252 947 bac

129 997 252 1080 indiget
285 996 465 1073 cumprimis
490 994 635 1085 Ecclesia
660 993 840 1076 catholica,
874 1010 955 1076 qnae
980 993 1100 1076 quippe
1126 992 1159 1054 in
1185 1007 1254 1054 suae

132 1102 298 1167 activitatis
324 1102 459 1185 sphaera
489 1103 694 1169 vehementer
719 1088 961 1186 constringitur.
997 1102 1121 1165 Verum
1144 1100 1205 1164 hac
1227 1099 1255 1162 in

132 1209 319 1291 quaestione
335 1226 398 1273 non
414 1215 531 1274 tantum
548 1210 588 1274 de
605 1209 749 1274 libertate
764 1211 797 1274 in
815 1211 1017 1301 universum,
1035 1208 1096 1271 sed
1112 1208 1254 1290 praepri-

131 1318 191 1380 mis
209 1318 247 1380 de
264 1334 303 1381 eo
321 1319 425 1400 agitur
436 1364 452 1392 ,.
463 1335 627 1399 quomque
643 1317 776 1385 libertas
794 1314 925 1381 extendi
939 1315 1051 1398 possit.
1069 1315 1105 1379 Si
1120 1313 1266 1403 libertast

133 1427 173 1489 de
189 1442 250 1506 qua
266 1426 298 1497 in
314 1423 452 1507 benigna
467 1423 673 1490 Resolutione
690 1430 795 1488 sermo
813 1430 880 1498 est,
897 1439 937 1486 eo
952 1410 1056 1486 'solum
1074 1421 1256 1505 pertineret,

9 1562 12 1567 ·
133 1540 186 1607 ut,
213 1536 428 1614 quamcunque
454 1532 487 1596 in
503 1539 624 1614 partem
640 1527 809 1595 conventio
826 1536 931 1594 mutua
948 1545 1143 1612 sponsorum
1156 1525 1259 1613 'quoad

133 1639 317 1722 religiosam
333 1637 468 1720 prolium
486 1638 706 1703 educationem
723 1637 912 1712 inclinaret,
935 1655 973 1700 ac
988 1636 1125 1718 proinde
1142 1634 1259 1700 etiamsi

109 1726 111 1730 ’
132 1761 206 1835 pars
223 1743 377 1807 catholica
393 1748 509 1826 spretis
527 1762 603 1809 suae
615 1744 789 1830 Religionis
801 1746 975 1827 principiis,
991 1745 1032 1808 ad
1040 1730 1258 1808 educationem

66 1872 76 1896 a
133 1849 267 1933 prolium
293 1868 419 1923 suarum
443 1852 474 1915 in
491 1850 663 1919 acatholica
680 1851 843 1935 religione
864 1851 1053 1926 accederet,
1082 1850 1188 1915 civilis
1202 1867 1258 1933 po·

133 1964 234 2022 testas
251 1956 616 2022 attenta'conscieatiae
641 1958 791 2023 libertate
816 1957 993 2022 huiusmodi
1018 1942 1259 2023 conventionem

11 2091 15 2104 ¹
134 2081 328 2147 sponsorum⁴
351 2083 411 2127 nec
426 2063 554 2146 politica
582 2083 642 2129 nec
674 2065 749 2129 iuris
777 2068 828 2129 via
852 2066 1020 2147 impediat,
1057 2064 1116 2130 sed
1132 2063 1258 2129 eandem

134 2175 271 2253 ipsorum
288 2189 476 2259 sponsorum
503 2172 634 2237 arbitria
650 2171 743 2253 plone
768 2173 942 2255 relinquat:
968 2173 1087 2239 nullam
1109 2170 1258 2238 adversus

28 2268 31 2277 ’
123 2277 310 2341 ¹libertatem
335 2273 513 2342 istiusmodi
534 2295 688 2359 ‘ponerem
712 2279 935 2357 reflexionem,
961 2279 1180 2346 imoeandem
1195 2297 1258 2344 cum

134 2384 298 2449 Ecclesiae
316 2385 497 2457 catholicae
523 2389 748 2457 constitutione
767 2391 912 2470 componi
927 2407 1022 2475 posse
1052 2388 1138 2453 ultro
1165 2401 1260 2471 agno-

136 2509 260 2557 scerem
269 2516 280 2575 3
307 2494 449 2574 quamvis
476 2497 557 2558 enim
572 2495 716 2560 Ecclesia
733 2495 894 2561 Catholica
914 2499 1151 2580 protectionem
1168 2493 1259 2559 civilis

135 2601 300 2680 potestatis
325 2619 450 2684 semper
476 2609 567 2684 grata
592 2611 827 2685 recognoscat,
853 2605 1012 2687 patienter
1037 2610 1146 2664 tamen
1174 2605 1258 2667 etiam

39 2688 44 2700 ’
135 2707 208 2782 fert,
225 2708 298 2770 dum
314 2706 421 2772 Civilis
432 2716 572 2790 potestas
589 2710 747 2773 adiunctis
765 2712 949 2791 quibusdam
965 2713 1008 2773 ita
1025 2729 1138 2774 secum
1156 2712 1258 2775 feren·

99 2888 102 2895 ,
135 2815 229 2892 tibus,
247 2813 376 2877 eandem
391 2819 620 2895 protectionem
638 2818 811 2897 subtrahit3
828 2820 966 2901 alioquin
982 2818 1130 2882 Ecclesia
1148 2816 1256 2881 Catho-

135 2921 215 2992 lica,
249 2919 361 2984 divinis
387 2924 549 3003 promissis
575 2926 667 3001 nixa,
700 2927 792 2988 etiam
824 2925 942 3007 absque
959 2926 1043 2990 civili
1061 2928 1260 3009 protectione

136 3028 286 3108 persistet
304 3029 502 3093 inconcussa.
530 3064 568 3075 -
597 3033 655 3094 Ast
672 3050 764 3112 quum
787 3033 916 3095 libertas
933 3041 1086 3115 respectu
1103 3031 1260 3098 educatio·

138 3137 187 3197 nis
204 3134 376 3214 religiosae
392 3136 525 3215 prolium
544 3157 561 3199 e
579 3145 667 3201 matr.
685 3139 789 3202 mixtis
807 3142 837 3202 in
856 3140 1060 3204 Resolutione
1076 3139 1113 3203 R.
1126 3157 1260 3222 eousque

139 3239 349 3318 extendatur,
371 3249 404 3302 ut
421 3243 488 3304 eius
505 3245 619 3306 virtuto
636 3262 709 3324 pars
727 3247 883 3309 catholica
904 3246 1135 3327 quadamtenus
1154 3248 1260 3311 activi-

138 3355 225 3408 setur
241 3347 279 3408 ad
295 3346 401 3428 proles
419 3367 492 3410 suas
510 3351 548 3412 ab
565 3369 627 3413 una
644 3351 780 3414 salvifica
797 3339 951 3417 catholica
969 3354 1029 3416 lide
1049 3336 1260 3424 abducendos

138 3459 171 3513 et
194 3454 226 3515 in
252 3454 427 3517 acatholica
459 3457 662 3521 confessione
688 3458 891 3523 educandas:
917 3460 977 3522 boc
1004 3479 1076 3523 cum
1104 3459 1257 3543 principiis

137 3557 310 3640 Religionis
342 3560 521 3625 Catholicae
552 3564 724 3628 corroiliare
750 3565 830 3629 haud
862 3585 1009 3650 possum,
1043 3574 1077 3630 et
1109 3571 1256 3640 existimo,

137 3664 279 3745 quemvis
304 3667 489 3732 catholicum
501 3718 509 3745 ,
523 3670 579 3752 ,qui
604 3671 757 3755 principia
782 3691 859 3736 suae
875 3674 1051 3757 Religionis
1069 3674 1255 3743 honeravit

66 3760 70 3767 ’
139 3773 241 3850 iisque
257 3772 386 3838 tirmiter
403 3775 573 3856 adhaeret,
590 3777 672 3842 ultro
691 3789 939 3860 perspecturnm,
956 3780 1112 3846 libertatis
1130 3802 1188 3865 per
1202 3781 1255 3844 Re·

139 3876 330 3941 solutionem
346 3880 381 3942 R.
399 3898 573 3946 concessae
591 3902 679 3948 usum
701 3887 826 3950 nonnisi
842 3888 922 3950 intra
938 3887 1017 3951 fines
1036 3906 1096 3971 per
1112 3890 1253 3974 principia

138 3982 303 4064 religionis
320 3986 440 4050 defixos
457 3989 595 4071 legitime
612 3991 1027 4074 fiariposse.}tes01utione
1044 3997 1155 4078 itaque
1170 3996 1254 4078 Regia

138 4093 308 4164 posteriori
339 4091 440 4156 eidem
470 4097 643 4179 principio,
676 4116 766 4178 quarn
792 4102 879 4181 prior
910 4104 1113 4177 enunciavit,
1148 4104 1247 4169 ianua

137 4195 393 4270 quemadmodum
415 4199 552 4281 priorem
579 4211 655 4268 voto
683 4222 752 4267 meo
768 4208 945 4297 secundare
962 4211 1113 4291 nequivi,
1143 4213 1184 4275 ita
1201 4181 1250 4271 aaa¹

138 4303 305 4377 posteriori
322 4304 504 4389 adstipulari
520 4327 659 4392 possum.
676 4313 795 4393 Negari
806 4315 837 4377 in
848 4315 970 4395 reliquo
988 4335 1053 4380 non
1070 4324 1184 4399 potest,
1197 4314 1246 4377 Re

137 4403 325 4472 solutionem
343 4418 562 4493 posteriorem,
577 4419 609 4483 in
627 4427 773 4501 quantum
785 4427 904 4502 partem
923 4423 1111 4488 catholicam
1128 4423 1164 4487 ad
1179 4420 1242 4486 edu·
1299 4440 1301 4445 ·
