2798 4852
586 232 821 342 -’441-.

139 464 255 543 ¹⁷9⁰s1·
280 466 311 526 in
327 462 458 546 negotio
474 461 646 543 Religionis
662 463 774 526 saltem
791 482 808 525 a
825 480 902 526 suae
920 463 1086 547 religionis
1103 462 1256 547 Superio·
1349 490 1352 495 ·

132 563 222 633 ribus
241 570 423 653 dependere
439 567 518 640 vult,
536 587 655 652 eosque
672 587 711 632 ue
728 568 766 632 ad
784 577 874 632 actus
885 569 1030 653 religioni
1042 575 1258 634 suaeoontra-

131 680 199 741 rios
216 674 304 756 adigi
320 676 454 756 possint,
471 681 557 737 tutos
573 682 717 758 praestat
734 693 770 738 ac
786 691 938 740 securos:
971 676 1094 740 Clerum
1121 658 1262 741 Catholiss
1329 750 1333 757 ¹

132 800 203 846 cum
214 783 425 864 ingemiscere
442 799 538 864 super
555 788 643 846 sorte
660 799 715 845 sua
733 783 901 866 oportebit,
920 784 945 845 si
963 785 1031 865 pari
1042 784 1119 846 iuris
1136 784 1260 864 praesi-

131 887 188 952 dio
206 886 445 965 destitueretur,
464 885 564 968 atque'
580 888 653 952 ideo
669 890 814 968 praecise
831 889 1002 952 inauditum
1028 889 1113 952 illum
1139 906 1262 972 poenae

129 996 276 1075 rigorem
295 995 435 1074 experiri
451 1002 635 1075 cogeretur,
653 996 736 1076 quod
752 995 934 1059 Praesulum
958 1014 1103 1072 suorum,
1131 996 1170 1059 de
1187 996 1261 1078 qui-

128 1103 193 1165 bus
212 1100 244 1164 S.
264 1101 412 1181 Stephani
430 1101 482 1163 lib.
501 1102 532 1163 2.
551 1121 617 1185 cap.
637 1103 668 1165 2.
687 1103 819 1182 dicitur:
844 1104 948 1185 „quod
974 1106 1031 1183 ipsi
1048 1104 1106 1166 soli
1122 1121 1175 1166 res
1190 1102 1254 1164 Ec·
1317 1130 1320 1137 ·

132 1208 463 1288 clesiaeprovidere,
495 1209 685 1290 gubernare,
706 1228 744 1272 ao
761 1211 929 1291 disponere
947 1213 1068 1292 possint
1084 1209 1255 1272 secundum
1294 1282 1301 1291 ἱ
1336 1294 1340 1299 ἢ
1390 1188 1393 1193 ’

128 1313 295 1378 Canouum
306 1315 545 1378 auctoritatem“
555 1315 703 1398 legitimis
715 1318 811 1380 iussis
821 1318 852 1378 in
864 1317 996 1399 sphaera
1005 1319 1088 1379 sacri
1099 1316 1262 1379 ministerii

131 1420 280 1484 debitum
297 1421 487 1504 praestando
505 1422 687 1504 obsequium
699 1424 893 1487 matrimonia
905 1431 1013 1486 contra
1030 1422 1120 1503 leges
1132 1439 1261 1502 scopum

124 1528 400 1609 intentionemque
417 1528 579 1591 Ecclesiae
597 1531 671 1593 inita
688 1530 937 1610 favoreprecum
958 1546 1019 1592 uon
1031 1535 1256 1611 prosequatur,
1348 1574 1352 1579 .

130 1636 206 1718 quia
222 1632 253 1697 id
272 1635 358 1698 salva
384 1638 580 1699 couscientia
605 1636 711 1700 facore
729 1639 859 1718 nequil;
884 1645 918 1700 ut
943 1654 1021 1698 vero
1038 1636 1256 1697 conscientiae

128 1740 325 1806 sacerdotali
341 1742 388 1803 vis
407 1741 580 1813 inferatur,
607 1744 752 1823 sacrique
769 1743 920 1806 Curiones
938 1741 976 1804 ad
995 1749 1084 1804 actus
1110 1721 1257 1822 religioni

132 1845 214 1911 suae
231 1849 384 1911 adversos
401 1848 611 1932 perficiendos
628 1858 791 1931 cogantur,
819 1851 857 1911 ab
875 1851 1032 1930 aequitate
1049 1848 1186 1912 alienum
1202 1853 1259 1917 cst,
1287 1904 1290 1911 ,
1338 1918 1341 1923 ,

126 1955 225 2036 idque
243 1958 378 2019 omnium
394 1957 520 2018 minime
538 1955 581 2018 illi
597 1956 761 2038 postulare
777 1962 929 2037 possunt,
956 1958 1007 2036 qui
1030 1971 1153 2017 causam
1171 1970 1257 2016 suam

133 2063 352 2126 conscientiae
379 2068 409 2125 et
434 2062 597 2144 religionis
615 2063 760 2126 libertate
778 2064 859 2124 omni
884 2069 1025 2140 tempore
1051 2062 1144 2122 tutari
1178 2076 1259 2122 con-

134 2158 324 2235 sueverunt
348 2169 382 2232 ln
408 2169 501 2232 huius
527 2168 665 2250 palladio
689 2167 878 2250 praesidium
890 2170 1062 2250 quaesitum
1088 2184 1157 2228 cum
1174 2164 1262 2237 alias,

133 2286 203 2340 tum
221 2293 257 2338 ea
275 2277 526 2358 opportunitate,
561 2276 630 2338 dum
661 2276 889 2358 perbenignus
906 2274 1127 2337 Resolutiones
1145 2270 1262 2354 Regias

131 2383 363 2447 obstetricibus
387 2362 475 2445 Helu.
502 2382 607 2444 Cfnem
632 2383 848 2462 profitentibus
873 2382 1089 2462 imponebatur
1104 2379 1256 2461 obligatio

128 2488 318 2555 conterendi
334 2491 517 2569 baptismum
544 2489 713 2552 infantibus
742 2490 903 2552 catholicis
936 2490 967 2551 in
999 2487 1081 2549 vitae
1112 2483 1256 2568 periculo

129 2595 334 2674 constitutis3
351 2596 383 2658 id
400 2596 599 2660 Confessioni
616 2594 797 2660 Helveticae
814 2582 912 2676 (q'uae
938 2593 1084 2681 mulieres
1110 2611 1126 2653 1
1144 2591 1257 2656 conie-

128 2702 235 2766 rendo
252 2703 404 2782 baptismo
423 2705 527 2775 arcet)
553 2701 717 2765 adversari
743 2699 956 2773 statuebatur,
984 2696 1264 2791 conscientiaeque

132 2828 173 2872 ac
190 2808 361 2890 religionis
377 2807 504 2871 libertas
520 2809 789 2891 propugnabatur,
807 2806 890 2891 unde
907 2813 938 2868 et
955 2802 1056 2869 medio
1073 2802 1262 2868 111111111-

136 2917 213 2999 giae
229 2918 279 2978 via
296 2915 425 2979 Consilii
441 2915 529 2978 Lttlis
546 2916 597 2979 dd.
616 2916 666 2978 15.
685 2916 766 2994 Sept.
785 2911 971 2978 terebro.
988 2910 1112 2975 25517.
1129 2913 1258 2975 intima·
1300 2923 1307 2929 ·
1344 2962 1350 2974 ,

125 3007 187 3090 'tae
208 3040 225 3084 a
242 3023 427 3102 baptismate
445 3020 640 3084 conterendo
656 3021 739 3083 fatae
757 3020 946 3083 obstetrices
963 3018 1122 3097 relevatae
1137 3017 1261 3080 haben-

131 3138 195 3194 tur.
221 3128 286 3191 Etsi
304 3147 381 3192 vero
398 3129 584 3210 baptismum
602 3126 755 3190 Catholici
773 3126 809 3188 ad
823 3125 951 3187 salutem
964 3125 1179 3185 necessarium
1191 3133 1263 3186 esse
1318 3114 1321 3129 ²
1344 3122 1347 3127 '

132 3236 357 3321 profiteantur,
375 3253 477 3316 neque
495 3240 596 3296 lamen
612 3235 633 3295 ii
651 3235 858 3296 conscientiis
870 3230 1073 3294 obstetricum
1084 3228 1173 3292 llelv.
1190 3229 1260 3295 Clni

134 3342 332 3406 addictarum
349 3344 408 3404 vim
425 3341 547 3412 inferri,
567 3341 756 3421 easdemque
773 3339 811 3401 ad
836 3339 1020 3419 baptismum
1037 3334 1263 3399 conferendum

132 3451 208 3532 cogi
225 3447 463 3523 desiderabant;
490 3466 569 3510 anne
587 3464 667 3529 ergo
685 3447 772 3509 salva
798 3448 954 3527 aequitate
971 3442 1124 3524 postulari
1140 3449 1255 3523 potest,

132 3565 169 3622 ut
185 3558 372 3622 sacerdotes
399 3558 545 3621 catholici
571 3559 609 3619 od
636 3555 767 3619 dandam
792 3556 1044 3647 benedictionem
1062 3561 1213 3635 actusque
1229 3551 1262 3614 in
1381 3608 1395 3645 Ι,

133 3663 385 3729 administrando
402 3665 595 3727 matrimonio
606 3663 772 3747 religionis
783 3670 813 3727 et
830 3664 983 3726 ecelesiae
1001 3679 1078 3725 suae
1094 3659 1256 3740 principiis

131 3773 288 3863 adversos
304 3773 378 3854 cogi
393 3770 543 3851 possint?
569 3788 648 3833 anne
675 3771 878 3835 obstetricum
924 3775 1041 3831 tantum
1078 3765 1167 3828 Helu.
1187 3764 1276 3847 Cini
1362 3806 1365 3811 -

134 3880 355 3955 addictarum,
388 3886 420 3942 11
447 3897 508 3942 non
526 3878 724 3942 sacerdotum
741 3895 866 3959 quoquo
891 3876 1119 3940 catholicorum
1135 3874 1264 3936 consci-
1283 3922 1286 3927 .
1368 3930 1373 3943 ,

138 3988 248 4053 entiae
264 3986 395 4052 libertas
421 3986 538 4049 illibata
556 3987 731 4063 servanda,
757 3991 809 4048 aut
823 3985 903 4047 baec
920 3982 1135 4071 conscientiae
1151 3980 1264 4040 immu-

135 4092 451 4160 nitassolistantum
467 4092 642 4157 Helv.Cini
668 4093 798 4156 addictis
823 4066 1031 4167 vindicanda,
1065 4076 1284 4155 sacerdotum*
1312 4085 1329 4126 ·'
1373 4084 1391 4126 ‘-

134 4220 219 4267 vcro
236 4201 458 4264 catholicorum
475 4203 698 4264 conscientiam
714 4200 834 4264 violare
845 4201 1004 4281 integrum
1016 4192 1089 4257 est?
1100 4193 1265 4256 Praestent

135 4306 325 4379 sacerdotes
351 4308 518 4382 catholici,
544 4309 627 4388 quod
644 4307 736 4373 iidem
762 4306 848 4370 salva
879 4298 1072 4368 conscientia
1099 4305 1263 4382 praestaro
1386 4328 1390 4334 ·

133 4406 291 4499 possunt,
315 4413 462 4499 quodque
490 4415 529 4478 ad
554 4416 721 4480 ineundum
747 4412 880 4491 validum
898 4410 1124 4477 matrimonium
1141 4427 1159 4471 e
1174 4412 1264 4489 parto
1373 4484 1377 4489 ,
