2798 4852
533 227 813 355 n-aae-

99 428 103 437 '
132 445 223 514 quam
247 432 415 512 procurata
440 423 607 502 cautione,
631 443 673 490 ne
696 442 770 508 pars
788 425 944 519 catholica
958 427 1136 512 periculam
1150 428 1232 498 dese·

128 537 248 602 rendae
271 533 346 599 fidei
367 533 502 608 subeat,
526 540 591 596 tum
617 540 651 597 ut
678 549 787 613 omnes
809 536 914 616 proles
930 536 1101 619 utriusque
1118 553 1232 602 sexuse

128 645 183 709 tali
199 643 395 708 matrimonio
420 639 600 724 gignendae
625 640 657 706 in
672 642 836 725 Religione
853 641 1034 719 catholica,
1057 651 1168 728 utpote
1181 663 1233 710 una

130 757 161 817 et
176 748 244 814 sola
259 748 398 819 salvifica
415 748 601 822 educentur,
619 766 701 830 quae
717 748 860 812 cautelae
876 750 903 813 si
919 748 1031 824 absint,
1050 750 1238 833 obtinerique

129 864 300 940 nequeant,
310 856 521 937 parochorum
538 857 761 934 catholicorum
772 872 854 931 esse,
871 857 959 919 atah
976 854 1164 922 adhibendis
1178 857 1237 922 riti·

18 1046 21 1051 ,
127 964 185 1027 bus
202 964 321 1037 sacris,
338 962 486 1047 precihus
503 970 534 1024 et
551 960 771 1026 benedictione
791 961 989 1051 abstineant,
1012 979 1120 1044 neque
1137 961 1241 1046 aliquid

127 1071 306 1137 huiusmodi
321 1069 503 1149 admittant,
518 1071 601 1135 unde
617 1069 729 1135 inferri
744 1072 853 1152 possit,
877 1070 1107 1135 matrimonium
1122 1073 1161 1134 ab
1175 1072 1239 1152 ipsis

13 1175 18 1183 '
127 1180 314 1263 approbari,
339 1181 487 1260 ipsosque
512 1177 557 1241 illi
584 1179 763 1258 cooperari.
790 1175 887 1259 Atqui
903 1177 1135 1242 introducendo
1152 1194 1239 1262 spon-

128 1302 193 1350 sam
210 1305 228 1349 e
244 1287 343 1350 mixto
369 1285 568 1350 matrimonio
592 1283 763 1349 secundum
780 1283 945 1351 Ecclesiae
962 1283 1048 1348 Ceth.
1067 1293 1240 1350 consuetum

127 1394 222 1459 ritum
239 1400 310 1475 post
326 1393 451 1474 nuptias
468 1388 717 1477 aut'puerperam
727 1400 799 1473 post
814 1398 936 1475 partum
946 1391 1052 1472 palam
1069 1392 1102 1457 id
1119 1401 1241 1477 agerent

129 1501 234 1566 Cureti
250 1501 419 1595 catholici,
443 1498 525 1564 unde
550 1499 660 1564 inferri
676 1501 789 1565 merito
805 1506 934 1584 posset,
956 1487 1047 1563 matr.
1066 1501 1197 1565 mixtum
1212 1499 1239 1563 ab

56 1628 59 1641 ·
127 1608 202 1691 ipsis
219 1606 403 1691 approbari,
420 1608 504 1690 quod
520 1609 647 1688 passive
661 1606 840 1672 assistendo
855 1608 1118 1691 reprobaverunt.
1143 1607 1181 1681 111.
1195 1609 1239 1673 ia·

129 1714 330 1781 traductione
346 1712 430 1778 enim
440 1713 602 1779 mulierum
619 1713 772 1780 Sacerdos
788 1716 873 1778 iuxta
889 1714 981 1778 ritum
998 1714 1189 1793 catholicum
1203 1718 1241 1780 in·

130 1810 1240 1906 duitursuperpelliceo,etstola,precesahEcclesiapraescriptasorat,

7 1964 9 1969 .
128 1931 159 1993 in
176 1928 217 1992 iis
233 1929 351 1993 Beatae
370 1927 489 1992 Mariae
504 1927 540 1990 V.
558 1929 848 2009 velutexemplaris
873 1945 1101 2011 puerperarum
1116 1933 1241 1996 mentio·

130 2037 312 2119 nemiacit,
329 2034 440 2100 stolam
457 2051 647 2118 cereumque
664 2053 830 2100 accensum
847 2055 908 2118 qua
924 2034 1099 2119 symbolum
1115 2038 1205 2103 vivae
1217 2040 1241 2103 in

84 2147 90 2171 ‘
128 2145 286 2211 Christum
311 2141 384 2207 fidei
408 2141 448 2205 ad
464 2158 571 2207 manus
589 2140 746 2224 porrigit,
771 2159 852 2224 aqua
868 2141 1036 2209 benedicta
1056 2144 1203 2228 aspergit
1216 2151 1242 2208 et

129 2251 298 2327 benedicit,
315 2249 415 2313 verbo
432 2249 507 2313 talia
523 2251 590 2332 agit
607 2257 638 2312 et
653 2252 776 2323 recitat,
794 2249 905 2332 quibus
921 2249 992 2314 talis
1009 2249 1123 2315 mulier
1140 2260 1240 2331 aperte

130 2370 161 2427 et
177 2362 277 2445 palam
303 2357 490 2422 contradicit
512 2364 543 2420 et
568 2357 717 2421 scandalo
741 2364 830 2421 recte
853 2356 1054 2424 credentibus
1071 2358 1115 2421 lit.
1140 2360 1242 2425 Imoin

129 2469 364 2535 introductione
387 2452 590 2550 postnuptiali
615 2464 761 2530 tunderet
786 2466 825 2530 ad
851 2465 949 2533 Deum
965 2446 1242 2550 ¹..precesmodc'ab

128 2575 271 2640 Ecclesia
288 2573 362 2638 inde
378 2573 415 2637 ab
432 2572 626 2638 incunabulis
658 2576 724 2638 suis
741 2575 857 2639 usitato
875 2575 994 2645 directe
1012 2576 1195 2658 oppositas:
1217 2581 1242 2636 ut

130 2681 252 2747 scilicet
268 2681 352 2745 Deus
369 2697 507 2760 sponsae
522 2690 642 2763 partum
653 2689 685 2744 et
700 2682 945 2747 foecunditatem
960 2681 1060 2765 prolis
1079 2682 1117 2744 ab
1136 2683 1239 2747 Eccle-

130 2791 176 2853 sia
192 2786 278 2851 Catb.
290 2788 413 2852 alienae
430 2788 558 2863 tribuat,
576 2788 758 2871 prolemque
776 2809 867 2871 quam
884 2790 1049 2854 donaverit
1066 2791 1238 2865 benedicat;

129 2894 274 2959 Ecclesia
290 2912 423 2977 namque
440 2891 599 2959 catholica
615 2895 683 2959 suis
699 2895 733 2957 in
748 2896 898 2978 precihus
914 2897 1013 2960 Deum
1030 2905 1123 2970 orat,
1142 2906 1175 2962 ut
1189 2899 1239 2961 ini-

128 3002 224 3066 micos
248 3001 412 3066 Ecclesiae
426 3002 586 3078 humiliet,
611 3021 648 3065 ac
664 3011 779 3086 gentes
795 3021 989 3086 paganorum
1007 3011 1040 3068 et
1060 3007 1237 3072 haeretico·

46 3173 51 3177 .
129 3131 196 3177 rum
213 3112 363 3175 dexterae
380 3126 455 3174 suae
473 3113 614 3194 potentia
634 3118 791 3176 conterat.

219 3219 249 3281 3.
275 3218 401 3294 Utrum,
434 3218 462 3281 si
487 3237 604 3301 sponsa
630 3219 783 3284 catholica
810 3237 928 3302 sponso
961 3221 1161 3296 acatholico,
1191 3236 1239 3284 non

130 3328 276 3391 obstante
291 3328 463 3407 praemissa
480 3326 631 3408 diligente
649 3334 680 3389 et
697 3329 780 3390 seria
806 3329 1012 3401 institutione,
1032 3329 1242 3409 praenunciata

130 3434 202 3498 item
219 3433 454 3497 sacramentalis
479 3433 708 3498 benedictionis
727 3434 1108 3519 denegatione,-absque
1126 3437 1238 3501 obtenta

128 3529 279 3623 asponso
304 3544 569 3624 praescriptarum
596 3542 634 3604 ab
659 3541 804 3607 Ecclesia
831 3544 1024 3607 cautelarum
1058 3543 1236 3612 conditione

129 3666 163 3712 se
190 3655 354 3730 nupturam
381 3649 541 3724 declaret,
573 3669 610 3713 ac
636 3651 673 3713 ad
695 3649 928 3716 Sacramentum
945 3652 1165 3716 Paenitentiae
1181 3657 1238 3715 aute

128 3755 377 3836 copulationem,
402 3762 471 3819 esto
497 3746 561 3818 tale
585 3759 616 3820 in
643 3758 702 3822 hoc
718 3776 794 3823 casu
813 3777 875 3824 non
893 3760 1132 3841 requireretur,
1160 3778 1239 3823 acce-

20 3901 24 3909 ·
127 3861 201 3955 dere
218 3870 367 3946 cuperet,
391 3863 430 3925 ad
456 3862 532 3927 illud
548 3864 758 3941 admittenda,
784 3873 815 3929 et
831 3886 887 3948 pro
904 3885 939 3929 re
955 3874 1029 3931 nata
1048 3865 1235 3932 absolvenda

126 3970 190 4032 sit?
207 3967 239 4033 Si
256 3969 337 4032 enim
353 3987 488 4052 sponsae
505 3972 686 4037 benedictio
704 3973 937 4039 matrimonialis
949 3974 1143 4056 deneganda
1154 3992 1237 4058 prac-

126 4078 238 4157 cipitur
256 4076 339 4151 ideo,
356 4078 440 4159 quod
456 4079 579 4173 legales
596 4082 735 4145 cautelas
752 4082 795 4146 nil
812 4082 974 4165 pensando
991 4081 1029 4144 ad
1047 4083 1242 4148 obtinendam

27 4220 30 4225 -
126 4183 377 4249 benedictionem
403 4196 504 4253 semet
532 4190 697 4253 manifeste
722 4191 940 4273 indispositam
966 4201 1063 4273 atque
1091 4193 1240 4274 indignam

125 4289 251 4355 reddat:
279 4292 340 4355 boc
365 4297 434 4374 ipso
450 4296 553 4360 reddit
576 4316 611 4361 se
628 4299 841 4379 indispositam
859 4301 953 4362 etiam
969 4317 1028 4382 pro
1047 4294 1239 4381 suscipiendo

127 4397 331 4463 Sacramenta
348 4401 581 4480 Paenitentiae,
607 4412 639 4468 et
665 4403 825 4490 indignam
850 4408 1052 4472 absolutione
1071 4421 1240 4472 sacraman-
