2798 4852
173 256 176 277 ²
460 198 1164 368 ⁸-5se-Jg-

136 415 282 543 „attinetz
301 422 501 542 simpliciter
502 412 665 523 declarare
684 459 841 540 coguntur
850 455 1016 536 Catholici,
1034 471 1071 522 se
1088 444 1129 520 ad
1147 461 1255 540 prae-‘⁸

8 634 12 641 ,
126 568 238 649 ·„vium
255 562 396 632 modum
422 564 608 630 conciliandi
634 562 841 648 divergentes
867 564 1036 645 opiniones
1064 563 1256 628 nullatenns“

134 675 312 752 „accedere
328 692 445 758 posse3
451 668 616 757 siquidem
632 673 807 755 Religionis
824 685 900 736 suae
916 671 1082 755 principiis
1093 654 1258 754 probibe‘

28 850 31 859 ,
130 789 245 863 „antur
270 801 327 846 sen
344 783 376 845 in
392 782 423 845 id
448 781 653 859 consentire,
676 787 710 843 ut
727 797 798 863 pars
824 780 988 850 catholiea,
1002 776 1095 845 matr.
1113 779 1258 844 ιιιιιιῑιιιιιι

11 877 19 916 ⁵
29 889 59 933 Ἀ
91 923 94 927 -
111 872 122 879 ”
132 893 341 966 „contrahens
352 908 369 952 ι
381 872 501 954 dnobus
511 890 666 983 parochis,
677 874 833 952 catholieo
842 889 985 952 nimirum
1003 873 1256 970 etprotestante“
1295 968 1299 975 Ι

40 990 45 997 “
132 997 316 1080 „copuletur
326 1041 335 1073 ,
352 997 421 1061 sive
439 982 662 1070 admitterent
678 994 821 1077 quaestio
838 991 974 1074 divortii,
986 1002 1019 1059 et
1034 997 1185 1076 quaestio
1202 992 1253 1057 de“

133 1105 264 1178 „va'lore
277 1106 461 1169 matrimonii
472 1107 502 1167 in
513 1104 582 1168 loro
592 1101 682 1168 civiti
698 1099 916 1184 pertractetur.
932 1101 999 1166 Neo
1010 1103 1131 1178 obstat,
1148 1102 1258 1167 auum

16 1215 25 1223 ”
48 1228 51 1233 ·
136 1213 323 1291 ›qlonnullos
341 1213 525 1291 catholicos,
541 1212 593 1297 qui
609 1213 669 1276 boc
689 1204 722 1274 in
735 1217 850 1293 puncto
862 1196 1036 1292 proiectum
1054 1211 1257 1275 Protomae-‘⁶

8 1348 13 1356 ·
103 1366 106 1371 -
138 1323 236 1400 „tium
256 1322 416 1404 acceptari
436 1335 530 1403 posse
555 1318 773 1401 existimabant
783 1339 797 1395 3,
817 1319 877 1399 ipsi
890 1319 973 1380 enirn
999 1332 1068 1404 nou¹
1092 1316 1258 1382 rationem*

10 1424 18 1434 ”
137 1415 1255 1514 „Sacramentisedsolumaccessoria'intellen'erqntdivortii.llxem-“

12 1516 44 1585 ',
70 1536 74 1543 '
135 1536 209 1618 „pla
236 1544 332 1617 porro
359 1535 490 1600 aliorum
509 1530 829 1618 ‘Regnorumlrustra'
852 1532 1039 1617 allegantur,
1066 1532 1101 1595 ln
1117 1532 1257 1619 Repuls‘

53 1648 58 1659 ‘
117 1706 120 1713 ,
139 1634 492 1725 „namque-mitioribus
509 1646 575 1725 ipsa
592 1636 753 1711 meritoria
776 1642 931 1712 discussio
947 1642 1009 1705 tum
1028 1641 1257 1722 copulationis“

132 1756 224 1824 ntum
242 1751 365 1815 divortii
381 1752 470 1815 Foris
497 1751 727 1816 Ecclesiasticis
743 1746 905 1814 reservata
922 1751 1006 1824 luit,⁸
1024 1751 1079 1814 cui
1096 1750 1162 1833 ¹ipsi
1176 1750 1256 1814 Rea-‘⁸
1292 1772 1297 1781 ·

41 1941 45 1948 Ι
85 1916 88 1921 ,
123 1865 292 1938 ,grantes
318 1858 475 1943 Principes
500 1856 646 1923 lubenter
663 1853 698 1921 se
715 1858 938 1922 submiserunt.
956 1857 1122 1942 EReguis
1140 1862 1254 1922 autent*

33 1988 67 2053 ᾗ
134 1962 469 2047 „Septerntrionalibus
503 1961 812 2059 intolerantioribus,
844 1963 1011 2046 inquibus
1047 1963 1182 2048 Religio
1211 1968 1253 2028 et‘·

61 2062 94 2133 ,“
133 2072 295 2153 „Ecclesia
320 2069 477 2169 Catholicae
503 2074 640 2154 alioquin
663 2078 817 2156 oppressa
834 2073 935 2155 iacet,
945 2060 1095 2156 exempla
1114 2070 1255 2137 adferre

10 2156 25 2258 Ἰ
38 2158 41 2163 ’
54 2160 75 2235 ’,
133 2197 219 2259 „non
233 2180 355 2245 videtur
371 2183 557 2262 congruum,
573 2179 645 2243 ad
628 2198 665 2244 aa
681 2182 786 2275 itaque
801 2180 846 2245 nil
861 2168 1058 2264 respondent
1074 2179 1255 2243 (ὶιιιιιιιίιίέι

133 2284 191 2361 „lit
206 2288 286 2350 hacc
302 2271 376 2351 sunt
386 2304 498 2368 ,quae
508 2266 659 2352 Catholici
676 2288 726 2351 ad
731 2288 979 2379 Declarationem
994 2287 1258 2353 Protestantiom“

17 2474 21 2481 .
124 2390 126 2397 ⁴
134 2393 341 2488 „reponenda
357 2392 538 2492 duxerunt,
559 2391 689 2484 tirmiter
714 2395 896 2485 sperantes,
923 2373 1034 2489 Sciam
1044 2394 1253 2485 llajestatem‘

21 2486 23 2491 ’
59 2554 62 2559 .
133 2499 283 2580 „Regiam
319 2509 386 2567 tum
418 2508 478 2586 qua
505 2478 691 2585 Principem
714 2503 920 2578 Catholicum,
952 2484 1025 2571 turn
1043 2522 1117 2585 qua
1142 2501 1251 2587 (lapat‘

76 2636 79 2642 ·
133 2609 319 2687 „Ecclesiae
344 2594 591 2676 Protestanticae
617 2609 788 2689 secundum
813 2610 961 2675 iustitiam
988 2617 1020 2672 et
1047 2609 1254 2692 aequitatcm“

125 2703 299 2793 ,meritum
326 2717 408 2781 istud
435 2723 675 2781 controversum
701 2697 920 2797 diremturam,
946 2723 978 2779 et
993 2717 1063 2799 legi
1080 2717 1256 2805 principiis‘

136 2824 243 2896 „Fidei
268 2824 443 2889 Catholicae
469 2824 680 2908 repugnanti,
715 2824 973 2906 manifestamque
1008 2823 1257 2892 catholicorum‘

108 2915 391 3010 ,oppressionem
416 2931 703 3007 intendentisuam
730 2931 924 2997 sanctionem
950 2932 1217 3014 denega'turam.“

222 3146 491 3249 Disceptationum
503 3157 575 3230 post
587 3148 826 3230 Declarationes
843 3149 900 3210 has
912 3156 1037 3212 mutuas
1053 3151 1257 3215 institutarum

80 3346 84 3351 .
133 3255 367 3317 consectarium
384 3255 462 3317 suit:
490 3255 571 3338 quod
598 3257 703 3329 Status
721 3254 844 3338 quidem
867 3254 1047 3337 catholicus
1064 3259 1255 3322 consenserit

132 3363 163 3424 in
180 3361 229 3440 id,
246 3365 326 3426 utin
342 3354 546 3443 processibus
564 3364 781 3427 divortialihus
799 3364 1020 3428 Actor-torum
1039 3367 1154 3430 incatti
1178 3366 1255 3445 sequi

15 3488 18 3492 ·
130 3465 296 3545 teneatur3
323 3473 420 3533 maior
438 3488 514 3532 vero
531 3470 668 3537 Statuum
686 3470 866 3534 diaetalium
893 3490 965 3553 pars
993 3471 1255 3541 determinaverit,

34 3664 38 3670 ι
71 3578 74 3583 ’
116 3592 237 3639 omnes
255 3579 284 3638 in
302 3595 422 3660 genere
440 3578 622 3655 divortiales
634 3595 746 3641 causas
763 3579 833 3642 loro
850 3576 1036 3667 Civiliillius
1052 3577 1254 3644 iurisdictio-

88 3750 93 3756 ,
129 3684 195 3754 nia,
225 3687 275 3746 cui
301 3687 434 3747 incattus
452 3683 578 3759 subest,
605 3684 862 3767 concredendas,
895 3685 1137 3768 copulationem
1167 3695 1256 3751 autem

14 3779 21 3787 ’
52 3780 79 3841 .“
102 3808 107 3819 ·
130 3805 187 3866 per
202 3793 371 3869 parochum
389 3792 573 3860 catholicum
593 3793 882 3874 aequeacalterius
903 3793 1073 3877 religionis
1092 3795 1254 3860 ministrum

1 3885 3 3891 ’
131 3894 220 3957 simul
246 3900 457 3980 peragendam
486 3918 567 3962 esse.
594 3900 679 3963 Haec
702 3885 805 3964 autem
823 3901 853 3962 in
871 3900 1001 3965 formam
1020 3903 1162 3970 Articuli
1177 3899 1256 3969 redi·

48 4010 52 4016 ·
131 3993 262 4082 genda,
281 4013 311 4066 et
336 4023 394 4068 una
421 4005 489 4070 cum
515 4006 787 4071 Declarationibus
814 4018 872 4072 tam
898 4011 1149 4076 Protcslantium
1176 4025 1254 4094 quam

131 4104 359 4175 Catholicorum
375 4131 451 4175 suae
467 4102 625 4197 Majestati
636 4110 864 4180 substernenda
876 4116 986 4205 eadem
1001 4120 1107 4184 maior
1125 4121 1252 4185 Statuam

6 4256 10 4265 ,
129 4230 203 4292 pars
221 4220 387 4282 constituit.
414 4221 601 4304 Quamquam
621 4243 697 4288 vero
715 4225 973 4308 determinationi
996 4216 1077 4291 huic*
1091 4228 1255 4307 catholicus

131 4316 235 4381 Status
247 4322 477 4401 adversaretur,
490 4331 521 4392 in
533 4331 695 4413 sequelam
706 4336 810 4397 lameri
821 4334 1254 4417 praeviaedetet'minssiitflss

131 4423 162 4485 hi
179 4421 240 4487 duo
251 4425 388 4519 ¹Articuli
405 4436 583 4502 concinnati
600 4438 706 4502 fuere:
780 4448 782 4452 ’
908 4450 911 4455 ’
