2798 4860
568 271 846 346 4572--

88 473 90 476 ’
130 489 244 535 severe
269 468 463 552 procedunt,
489 468 676 549 modumque
702 468 807 530 taliter
835 469 987 550 praebent
1003 470 1086 540 reis,
1103 484 1224 530 errores

131 585 242 642 contra
258 577 389 641 formam
406 576 483 639 iuris
495 574 688 640 'commissos
713 595 785 641 mox
801 575 988 659 reparandi,
1018 575 1089 638 dum
1106 594 1124 639 e
1140 583 1228 639 contra

130 687 162 748 in
186 684 265 748 loris
293 682 485 755 secularibus
519 681 613 745 multo
651 691 791 763 ternpore
817 689 849 744 et
874 682 1000 744 nonnisi
1027 699 1084 762 per
1111 681 1229 744 remedia

130 791 282 882 iuridica,
305 793 516 859 maioribusve
534 809 602 853 curn
620 794 767 872 expensis
784 797 886 871 potest
904 787 1066 852 emendari
1085 785 1228 863 delectam

130 917 209 980 quae
226 915 322 976 sane,
340 905 372 960 ut
390 905 494 961 cetera
511 905 689 969 laceramur,
707 897 773 978 plus
791 915 881 977 quam
898 899 975 960 satis
995 895 1152 967 evincunt,
1168 913 1231 958 cau·
1259 927 1264 940 ·

130 1023 183 1069 sas
200 1007 440 1068 matrimoniales
458 1007 551 1070 multo
569 993 1140 1084 celeriusinSedibus'Spiritualibus
1157 1021 1230 1084 quan

130 1108 278 1174 Civilibus
304 1112 486 1175 decurrere.
520 1110 588 1174 Non
610 1116 804 1191 praecautio
828 1112 1029 1174 collisionem
1059 1113 1143 1195 irater
1167 1112 1232 1174 cion
1274 1146 1276 1151 -

129 1220 277 1284 diversae
293 1220 479 1299 religionis.-
498 1218 713 1281 collisionibus
725 1219 806 1282 enirn
818 1220 911 1302 longo
922 1219 1115 1281 feraciorem
1126 1200 1232 1298 praebet

132 1328 293 1391 materiam
311 1326 412 1389 loriam
429 1327 584 1402 seculare,
602 1321 907 1410 quodexbupposilo
925 1317 1105 1388 secandum·
1117 1327 1232 1393 diversa,

132 1441 162 1496 et
180 1434 308 1497 cuilibet
325 1435 571 1497 contrabentium
590 1437 669 1517 parti
687 1438 816 1516 propria
830 1434 980 1517 religiosa
998 1435 1151 1514 principia
1167 1432 1232 1494 iudi-

132 1541 212 1605 cium
229 1538 312 1605 ferre
330 1541 460 1605 deberet
471 1563 480 1617 ;
506 1544 571 1621 ipsa
590 1541 667 1635 baec
686 1544 872 1619 diversitas,
894 1559 956 1605 non
974 1562 1072 1605 secus
1092 1560 1128 1604 ao
1145 1540 1233 1602 direr-

132 1650 207 1711 sitas
224 1647 486 1729 religionisinter
502 1651 586 1732 ipsos
603 1652 711 1715 nel'ors
728 1652 857 1716 ludices
870 1650 1133 1733 ¹quemadmodum
1148 1657 1233 1730 partes

134 1757 306 1840 litigantes,
323 1760 363 1819 ita
381 1756 509 1821 ludices
525 1761 556 1821 in
575 1759 700 1822 diversa
713 1761 853 1823 traheret
864 1778 934 1823 eum
951 1758 1120 1822 manifesta
1139 1774 1233 1821 causae

28 1859 32 1864 '
84 1937 87 1941 ,
133 1864 349 1944 protelatione.
375 1863 444 1929 Non
461 1875 618 1930 sonituum
636 1869 872 1946 compendiaria:
889 1874 951 1930 tnm
964 1885 1004 1929 ex
1023 1867 1082 1943 iis,
1100 1882 1177 1946 quae
1191 1866 1235 1926 ian

37 2012 40 2018 -
124 1971 176 2034 ad
188 1974 325 2050 primam
341 1970 421 2055 diota
441 1980 522 2048 sunt,
540 1982 601 2036 turn
619 1975 732 2036 exindo
744 1971 961 2056 qnoqueqaod
973 1980 1069 2035 laxae
1086 1977 1236 2034 consuetae

41 2162 43 2167 ³
82 2112 86 2123 ι
133 2077 316 2170 iudiciariae
334 2081 363 2142 in
379 2078 512 2143 Sedibus
530 2081 740 2160 spiritualibus
757 2101 821 2145 non
838 2081 899 2144 sint
915 2083 1055 2144 nlaiores
1072 2079 1154 2153 illis,
1177 2093 1236 2158 quas

132 2185 201 2250 sora
224 2185 378 2248 secularia
396 2185 573 2250 desumunt.
597 2187 746 2251 Rationes
773 2191 877 2269 itaque
904 2190 934 2250 in
961 2190 1111 2270 projecto
1129 2185 1201 2266 legis
1215 2202 1235 2242 a.

121 2290 229 2372 ‚rell
255 2295 407 2356 adductae
433 2296 523 2357 buius
549 2295 733 2369 condendae
760 2299 978 2358 necessitatem
1008 2295 1136 2356 minime
1161 2294 1236 2354 erin·

133 2406 215 2462 cant.
234 2399 371 2481 insuper
388 2402 440 2464 lex
458 2381 650 2474 huiusmodi,
678 2403 704 2464 si
722 2403 930 2473 conderetur,
946 2401 1116 2466 ‚manufesto
1134 2415 1237 2482 pugna-

98 2579 100 2589 Α
132 2513 179 2568 ret
196 2525 263 2569 curn
282 2509 354 2591 lege
381 2507 414 2571 R.
442 2506 637 2589 ilungariae,
666 2508 798 2572 articulo
826 2501 935 2590 quippe
963 2507 1016 2570 26.
1037 2504 1236 2585 a.2179⁰s'4.in

133 2630 192 2693 quo
211 2614 249 2674 de
275 2616 475 2696 processibus
502 2616 603 2694 quoad
630 2619 830 2679 maturabas
848 2618 1012 2697 sequentia
1034 2618 1236 2694 continentur:

132 2724 183 2791 „§.
203 2721 254 2781 ld.
273 2722 391 2786 Causae
411 2726 674 2788 matrimoniorum
691 2732 751 2786 tarn
770 2743 895 2802 eorurn,
922 2742 1009 2806 quae·
1025 2727 1088 2786 iarn
1106 2732 1237 2803 tempora

38 2834 40 2838 '
134 2846 193 2907 qao
215 2828 267 2890 illa
295 2830 368 2891 inita
395 2839 485 2907 sunt,
511 2832 605 2892 mixta
632 2840 740 2903 erant,
774 2840 1061 2914 quarneteorum,
1092 2849 1170 2914 (puae
1193 2831 1235 2908 per

131 2934 294 2996 transitum
320 2936 497 2999 alterutrius
523 2937 621 3018 partis
639 2956 655 2999 a
673 2926 781 3002 Sacris*
799 2937 1002 3020 Evangelicis
1022 2939 1059 3001 ad
1081 2939 1174 3002 Sacra
1190 2938 1235 2998 da·

98 3107 103 3112 ,
131 3039 316 3103 tholicorum
334 3030 555 3107 aniata'ell'ccta
580 3054 710 3115 essent,
739 3057 806 3108 curn
823 3045 989 3127 utrobique
1008 3048 1049 3110 de
1068 3050 1137 3109 veri
1153 3042 1233 3107 norni-

131 3149 180 3211 nis
206 3148 410 3215 Sacramenta
445 3161 575 3233 agatur,
610 3150 740 3215 Sedibus
776 3153 1008 3222 catholicorum
1038 3152 1233 3237 Spiritmlilus

93 3305 95 3309 ,
129 3254 354 3333 deferuntur“3
379 3265 407 3331 ἕ.
429 3260 478 3321 15.
498 3269 618 3336 anilem,
647 3262 735 3323 cuius
754 3269 865 3324 tencre
884 3279 1056 3342 processus
1075 3257 1230 3324 divortiaies

53 3348 62 3413 ἶ
129 3363 368 3428 Protestantiurn
387 3385 483 3448 usque
501 3368 637 3431 futuram
654 3369 914 3430 Consistoriornnr
934 3369 1017 3448 apud
1035 3369 1109 3430 illos
1126 3365 1229 3430 coordi-

59 3551 63 3560 Ι
133 3474 286 3535 nationem
306 3492 401 3552 penes
420 3478 486 3538 lora
505 3477 608 3537 civilia
626 3476 860 3554 relinquantur,
880 3476 957 3536 baec
976 3475 1083 3537 addita
1103 3476 1230 3555 legimus:

131 3598 191 3656 „eo
219 3587 318 3642 tannen
345 3603 400 3662 per
428 3603 613 3664 expressum
640 3569 802 3656 subnexo,
832 3583 914 3662 qrrod
932 3583 1064 3646 divortii
1082 3579 1230 3645 sententiar

131 3680 255 3756 norrnisi
282 3689 382 3767 quoad
417 3692 545 3755 eli'actns
574 3691 683 3752 civiles
709 3691 823 3771 ubique
848 3708 903 3768 pro
933 3688 1046 3763 relidis
1075 3692 1228 3755 habeantur,

46 3817 48 3820 ·
132 3795 303 3875 Episcopos
329 3805 430 3859 autem
458 3799 494 3859 ad
514 3793 745 3879 agnoscendam
763 3797 916 3860 talismodi
934 3797 1056 3860 vinculi
1075 3798 1228 3862 nullaten,

34 3917 37 3922 “
129 3901 275 3983 illamque
293 3902 329 3964 ad
349 3905 524 3967 Catholieos
543 3903 773 3966 extendendam
801 3904 943 3982 obligare
972 3906 1162 3985 neptreant.“
1183 3901 1229 3962 Ge·

78 4035 90 4078 ὴ
131 4009 229 4073 uerali
246 4010 316 4071 huic
333 4011 397 4091 legi
416 4013 498 4073 iuxta
516 4013 648 4094 Tripart.
668 4012 699 4098 l'·
719 4013 748 4072 3.
767 4005 823 4072 art.
844 4012 873 4071 2.
893 4011 988 4092 leges
1006 4011 1228 4076 Transsilraniae

132 4135 170 4178 eo
206 4118 306 4180 minus
334 4117 491 4200 derogare
516 4127 665 4198 possunt,
698 4117 780 4199 qnod
807 4117 950 4180 Ecclesia
979 4118 1139 4182 Catholiea
1163 4116 1228 4177 luins

130 4222 324 4305 Principatas
351 4225 389 4286 ad
415 4227 496 4288 illarn
523 4228 622 4308 Regni
650 4227 830 4307 Hungariae
849 4226 890 4288 uti
920 4220 982 4288 ntia
1011 4228 1051 4289 ad
1077 4235 1228 4289 matrensr
1274 4296 1276 4303 ¹

130 4329 258 4405 lrabeat3
276 4334 373 4396 minus
391 4334 490 4396 adhue
507 4341 640 4415 possunt
656 4333 811 4415 derogare
829 4334 918 4414 leges
936 4333 1136 4418 Principatus
1151 4325 1226 4394 nostri

131 4435 335 4522 qualicunque
362 4462 430 4505 cum
456 4460 615 4530 consensu
643 4441 782 4507 Statuam
804 4441 885 4503 latae
904 4441 933 4502 ei
951 4439 1129 4506 salvatoris
1152 4432 1227 4500 nostri
