2798 4852
563 256 807 331 ’.540-

548 610 551 615 »
637 555 731 634 621.

129 701 339 822 Rescriptum
353 748 394 806 ll.
407 715 449 804 ad
470 747 600 820 Eppum
611 747 741 815 Transs.
755 747 808 804 dd.
821 749 869 806 14.
893 747 965 817 (let.
978 751 1071 809 ΙΠΘ.
1087 768 1185 826 super
1197 771 1247 812 eo:

129 841 162 897 ut
177 839 209 896 lu
223 852 299 895 casu
313 836 469 908 singulari
483 835 678 894 Reversales
691 835 776 894 haud
786 838 976 909 exigantur,
1000 843 1063 900 sed
1076 846 1248 916 promissio

180 924 182 927 ’
345 925 444 983 oralls
459 927 1037 1018 eoramtestilrustaeta-deposcatur.

194 1078 197 1084 ¹
220 1095 316 1159 Maria
334 1093 485 1158 'theresia
503 1101 562 1157 etc.
588 1093 704 1157 Fidelis
728 1101 841 1180 noster
867 1096 1070 1165 Camerarius
1093 1107 1129 1163 et.
1143 1117 1250 1183 supre-

130 1221 196 1267 mus
214 1181 500 1267 SedisSiculioalis
518 1198 696 1281 Udvarhely
722 1198 819 1263 ludex
836 1199 954 1284 Regius
973 1200 1007 1268 L.
1024 1203 1058 1267 B.
1077 1205 1249 1288 Stephanus

130 1311 169 1373 de
185 1308 305 1371 Daniel.
319 1309 408 1372 llelv.
440 1305 637 1370 confessioni
665 1299 807 1370 addictus
834 1305 971 1371 demisse
988 1310 1082 1374 nobis
1101 1314 1251 1396 supplicu-

130 1418 190 1480 vit:
208 1433 269 1500 quo
285 1417 384 1495 ipsum
401 1433 470 1477 cum
488 1414 655 1476 comitissa
673 1413 764 1474 Anna
782 1414 882 1476 Miles
907 1413 1017 1478 relicta
1047 1416 1146 1482 vidua
1165 1418 1252 1483 Baro·

129 1525 175 1587 uis
193 1523 346 1605 quondam
362 1522 450 1586 Pauli
466 1519 664 1604 Boruemisza
683 1521 845 1585 Catholica
856 1524 1086 1590 matrimonium
1100 1525 1184 1588 inire
1202 1545 1253 1589 cu·

130 1631 268 1714 piantem
286 1637 318 1692 et
338 1647 393 1710 spe
410 1629 526 1692 exinde
542 1627 832 1711 progignaudarum
849 1629 984 1711 prolium
1002 1648 1036 1692 se
1051 1663 1088 1674 -
1105 1637 1141 1694 ut
1157 1649 1252 1717 expo-

130 1741 173 1800 nit
191 1770 232 1782 -
249 1738 504 1818 sexagenarium,
522 1735 573 1798 illa
592 1744 669 1809 aero
697 1737 994 1819 quinquagenariam
1021 1756 1107 1829 pene
1125 1746 1252 1802 aetatem

104 1835 106 1840 ’
131 1843 315 1926 agentibus,
333 1842 471 1924 alioquin
501 1842 703 1915 destitutum,
721 1861 738 1903 a
756 1840 927 1906 dandarum
946 1841 984 1907 de
1002 1845 1163 1909 catholice
1180 1845 1253 1909 edu-

132 1951 240 2014 candis
257 1949 396 2034 prolibus
413 1949 594 2014 uoruraliter
620 1949 883 2032 praescriptarum
901 1951 1120 2024 Reversalium
1139 1952 1253 2036 obliga·

131 2059 215 2121 tione
233 2057 405 2122 clementer
424 2058 610 2137 dispensare
627 2057 839 2140 dignaremur.
863 2057 1021 2138 Siquidem
1040 2067 1149 2147 autem
1161 2060 1254 2142 Majo-

131 2167 203 2229 stati
219 2144 412 2229 Nostrae‘ex
428 2164 564 2246 benigna
583 2162 797 2253 diuturnorum
816 2161 889 2235 dicti
906 2160 1038 2227 Barouis
1058 2168 1253 2229 servitiorum

129 2270 300 2336 reflexione
317 2273 416 2336 visum
434 2271 559 2347 luisset,
576 2266 795 2352 huicce'ipsius
813 2273 908 2350 petito
923 2289 960 2334 ea
977 2273 1107 2336 ratione
1119 2258 1251 2344 deferre,

131 2385 166 2455 ut
184 2385 320 2442 attactae
336 2378 458 2460 quidem
476 2378 664 2451 Reversales
681 2379 719 2441 ab
747 2377 858 2442 eodem
883 2378 965 2445 haud
990 2379 1180 2460 exigantur,
1205 2399 1254 2463 per

42 2479 47 2488 Χ
129 2466 326 2562 'Fidelitate'm
344 2493 476 2548 attamen
494 2485 638 2548 Vestram
665 2487 724 2566 ipsi
751 2502 895 2566 supremo
922 2485 1253 2561 nominenostrolle·

130 2596 182 2677 gio
200 2611 237 2657 eo
254 2595 375 2657 directa
392 2595 536 2658 voluutas
555 2581 673 2670 nostra,
689 2601 720 2656 ut
739 2595 880 2656 uiuiirum
897 2593 1005 2673 proles
1022 2614 1043 2656 e
1057 2595 1253 2659 matrimonio

130 2704 191 2766 isto
208 2701 314 2766 nefors
333 2702 551 2783 suscipiendas
580 2701 736 2764 catholice
755 2700 892 2762 educare
912 2708 1087 2775 teneatur,
1113 2700 1253 2764 declare-

129 2817 189 2883 tur,
206 2818 237 2872 et
253 2818 327 2873 tunc
345 2817 473 2880 lantum,
494 2829 562 2873 cum
581 2812 611 2872 in
629 2809 658 2873 id
677 2827 782 2872 coram
801 2827 863 2871 uno
882 2808 1021 2877 alterove
1039 2827 1101 2890 per
1119 2809 1251 2874 Eandem

98 2963 102 2966 a
129 2914 320 2978 Fidelitatem
337 2915 480 2977 Vestram
498 2935 515 2977 o
536 2915 622 2978 Statu
640 2914 864 2978 Ecclesiastico
883 2894 1138 2986 denominando,
1167 2914 1252 2978 testi-

131 3024 328 3104 moniumque
339 3023 506 3103 superinde
520 3002 731 3103 seri'pmtenus
745 3022 938 3103 perhibituro
955 3028 1037 3084 teste
1063 3023 1253 3105 compromi-

131 3133 219 3203 serit,
238 3133 306 3194 siue
333 3133 548 3210 praestatione
576 3136 818 3193 memoratarum
836 3128 1052 3191 Reversalium
1080 3148 1152 3191 oum
1171 3138 1252 3192 ante-

130 3237 211 3300 dlcta
230 3237 395 3299 Comitissa
421 3235 617 3298 matrimonii>
635 3235 765 3299 loedere
793 3236 880 3318 iungi
907 3235 1028 3305 valeat,
1058 3237 1252 3318 copulatione

128 3343 326 3408 nihilominus
353 3361 409 3423 per
436 3344 627 3405 catholicum
654 3344 856 3406 sacerdotem
884 3344 1065 3424 peragenda
1084 3346 1252 3409 mediante:

128 3451 252 3513 Idcirco
270 3450 423 3513 Fidelitati
439 3451 569 3512 Vestrae
588 3451 727 3534 benigue
746 3451 1004 3514 committendum
1016 3468 1093 3514 esse
1104 3452 1252 3528 duximus,

128 3566 160 3621 ut
177 3542 444 3640 praedeolaratarn
466 3559 646 3622 altissimam
665 3560 852 3622 volunlatem
880 3564 1018 3621 nostram
1036 3560 1183 3624 antelato
1199 3561 1253 3622 Ba·

128 3664 464 3746 roniadaperiat‚et,si
482 3667 507 3727 is
525 3665 569 3728 illi
586 3665 788 3740 satisfecerit,
806 3667 940 3747 acjuxta
952 3682 1018 3727 eam
1032 3665 1252 3729 matrimonium

129 3772 274 3836 ellectum
287 3775 431 3836 sortitum
442 3773 548 3847 fauerit,
557 3773 746 3855 singularem
756 3775 827 3836 dein
840 3776 1059 3852 curiosumque
1072 3774 1252 3837 eoadverlat

25 3875 28 3880 ’
127 3883 338 3957 attentionem,
351 3898 390 3942 ne
403 3883 564 3962 utriusque
573 3900 669 3944 sexus
681 3881 786 3964 pupilli
799 3880 1189 3945 Paulo-Bornemiszaiani
1200 3899 1250 3951 ca-

127 3984 240 4059 tholice
257 3990 320 4051 nati
332 4007 388 4067 per
400 3990 538 4076 privatos
549 3981 769 4052 informatores
781 3988 975 4052 acatholicos
988 3987 1189 4051 orthodoxae
1201 4008 1252 4050 ve·

130 4093 233 4164 ritati,
260 4097 483 4176 principiisque
510 4095 580 4158 srdel
608 4096 783 4160 catholicae
811 4097 969 4159 contrarie
997 4095 1189 4160 imbuantur.
1217 4128 1251 4139 -

132 4195 240 4260 Datum
256 4200 396 4266 Viennae
412 4203 463 4266 die
484 4203 533 4267 14.
552 4202 620 4271 Oct.
643 4202 737 4271 1778.
