2798 4852
403 232 491 323 ’.,
598 238 958 372 452—ss]

148 462 298 546 disposita
314 463 469 546 publicam
484 414 715 544 professionem
732 418 1035 542 lidei'praeseutibus
1050 444 1188 525 testibus
1203 457 1236 523 id

47 569 59 643 J
146 570 216 637 ueis
232 570 265 632 in
279 565 363 633 secie
379 568 692 662 Ecclesiae'emittst
710 570 796 647 iuxta
813 567 977 632 formulam
993 567 1155 649 aSyucdo
1171 568 1242 634 Pet:

147 676 289 761 seviensi
305 675 473 749 conditam·
488 695 568 759 quae
585 677 757 742 minoribus
773 676 946 741 Ritualibus
962 682 1013 739 est
1028 677 1162 740 inserta.
1186 675 1237 739 'la

101 817 104 823 1
147 785 220 849 dem
234 784 296 849 tale
313 783 505 848 individuum
532 784 737 849 acatholicum
763 782 801 847 ad
827 791 968 849 sanctam
989 781 1082 850 fidem
1097 800 1175 849 sese
1193 801 1242 848 eo

2 960 5 969 ,
77 882 80 887 ’
147 900 278 958 vertens
302 895 335 958 in
351 889 499 956 tribunali
523 892 742 970 Paenitentiae
768 890 936 957 universae
961 891 1047 955 vitae
1062 901 1140 956 suae
1159 888 1242 954 delk

42 985 46 991 ’
147 1000 272 1081 pandet,
288 1007 352 1064 tum
368 1006 401 1062 ut
416 1000 635 1064 remissionem
652 1005 856 1080 peccatorum
872 997 1026 1082 accipiat,
1048 1006 1113 1062 tum
1130 999 1242 1063 etiarn

67 1150 90 1187 ·.
149 1107 376 1172 absolutionem
401 1106 439 1169 ab
465 1107 590 1169 haeresi
617 1107 765 1171 obtineat.
791 1109 866 1171 Post
891 1106 1034 1187 adeptum
1059 1105 1119 1169 hac
1146 1106 1242 1170 rati(

1 1246 34 1288 ·:
63 1211 67 1219 ’
148 1215 365 1281 Poenitentiae
381 1215 614 1280 Sacramentum
639 1231 778 1298 persona
804 1215 843 1278 ad
860 1213 951 1277 fidem
973 1230 1130 1277 converse
1160 1210 1200 1274 ad
1226 1235 1242 1276 ι

43 1327 46 1331 ’
83 1312 88 1369 ἶ
148 1323 342 1404 scaptionem
359 1320 489 1394 duorum
514 1322 645 1386 aliorum
662 1320 955 1396 Sauromatarum,
982 1319 1100 1385 Altaris
1125 1318 1242 1384 videli

100 1484 111 1503 .,
149 1437 182 1493 et
197 1426 384 1497 Matrimonii
400 1446 564 1495 aceessum
580 1431 703 1495 habeat.
729 1429 760 1492 3.
787 1430 930 1511 Denique
943 1428 1006 1521 ¹iric
1022 1445 1097 1491 sese
1111 1425 1219 1492 'offert

12 1550 16 1555 ’
150 1525 526 1604 eus'commonelaciendi
541 1537 741 1602 venerabiles
758 1535 966 1614 sacerdotes,
984 1534 1067 1617 quod
1083 1535 1157 1599 huic
1175 1533 1242 1597 solu

28 1664 33 1671 ·
57 1629 61 1634 ⁴
151 1644 313 1712 sacerdoti
327 1646 377 1710 las
394 1649 435 1710 sit
451 1664 541 1711 suum
560 1649 771 1727 poenitentem
788 1665 806 1725 a
822 1646 946 1734 piaculo
970 1645 1145 1708 haereseos
1173 1643 1242 1706 abst

151 1770 246 1829 vere,
282 1754 334 1836 qui
357 1755 439 1818 hano
468 1754 650 1818 facultatem
677 1757 877 1819 a-'Potestate
903 1754 1104 1818 Dioecesana
1132 1749 1242 1816 obtinn

25 1871 29 1877 ·
91 1885 95 1891 ’
150 1856 345 1942 eandemque
360 1861 392 1925 in
408 1862 617 1938 instrumento
632 1860 872 1944 adprobationis
893 1876 953 1941 pro
967 1857 1165 1945 excipiendis
1181 1855 1242 1919 Ghn

152 1965 330 2031 stilidelium
346 1967 597 2033 confessionibus
615 1968 733 2052 scripto
750 1976 909 2058 exaratum
923 1967 1028 2040 habet,
1046 1983 1141 2031 secus
1160 1967 1242 2045 singu

152 2074 184 2137 iu
201 2091 278 2139 casu
303 2075 503 2139 occurrentis
529 2077 729 2141 necessitatis
753 2094 812 2160 pro
840 2074 1009 2140 obtinenda
1033 2075 1094 2138 hac
1124 2071 1242 2137 laeultat

151 2198 266 2262 preces
283 2200 356 2247 suas
373 2181 412 2245 od
428 2183 656 2247 consistorium
672 2184 860 2266 Episcopale
878 2182 1040 2254 delerant,
1066 2190 1242 2243 necessest

152 2286 245 2350 llauc
265 2283 371 2370 itaque
397 2289 621 2372 suppletorium
639 2291 714 2366 rei,
739 2289 778 2353 de
796 2309 856 2373 qua
866 2292 997 2371 ‘agitur,
1020 2285 1242 2351 declaretiooen

103 2400 106 2405 '
153 2412 244 2476 mam
260 2395 489 2459 consistorium
505 2413 591 2473 nunc
607 2395 683 2471 edit,
701 2382 776 2461 velit
791 2396 824 2460 R.
837 2397 873 2459 I).
891 2398 1038 2460 Deoauus
1055 2396 1199 2459 omuibus
1211 2388 1242 2455 s’d

154 2501 303 2582 subjectis
319 2500 472 2567 Ecclesiis
489 2509 594 2566 uotam
619 2502 775 2582 reddere,
802 2510 898 2585 etque
913 2509 948 2567 ut
964 2501 1104 2566 fideliter
1129 2496 1242 2564 eidemi

57 2610 60 2615 ’
154 2608 295 2672 omnibus
312 2623 385 2672 sese
401 2610 616 2683 commodent,
636 2610 855 2675 commendare
865 2632 875 2689 ;
894 2628 1019 2673 suarum
1035 2626 1113 2673 vero
1132 2611 1192 2672 erit
1205 2619 1242 2687 pu

47 2766 51 2771 .
153 2717 237 2787 tium,
254 2716 303 2779 rei
319 2719 536 2782 executionem
554 2721 637 2783 omni
654 2734 714 2801 ope
731 2737 767 2782 ac
778 2716 883 2783 studio
900 2735 1017 2801 urgere
1029 2728 1242 2797 acpromoucn

153 2819 306 2887 Janoviae
324 2824 374 2889 die
393 2824 446 2889 23.
464 2826 539 2890 Julii
558 2825 654 2891 1832.

615 3028 818 3041 Μ

155 3187 452 3264 Monumenta
481 3190 542 3262 ad
569 3189 743 3285 Epoch.
769 3190 807 3266 t.
828 3189 888 3262 ab
908 3209 948 3265 a.
970 3183 1242 3266 test-tes*

442 3403 493 3491 o)
520 3405 753 3478 Monumento
779 3405 991 3481 Borossieu.

673 3590 775 3701 tall

157 3765 329 3824 instructlo
348 3769 470 3824 secrete
499 3769 531 3824 ln
551 3769 767 3826 condecentiis
797 3769 1030 3828 Confluentinls
1061 3771 1242 3855 (Codicum)

175 3857 266 3915 1834.
286 3858 480 3930 praeparata
499 3857 543 3935 de
557 3858 703 3916 tenendis
721 3861 895 3935 principiis
915 3861 1022 3935 quoad
1041 3866 1136 3921 matr.
1156 3859 1242 3921 mlxi

250 4005 278 4069 1.
302 4004 487 4089 Apostolica
504 4006 602 4073 Sedes
629 4007 824 4090 disciplinam
843 4031 923 4094 erga
941 4020 1032 4076 matr.
1051 4013 1148 4077 mixta
1166 4017 1242 4091 itas

160 4113 292 4193 tigavit,
308 4120 342 4176 ut
359 4111 456 4196 Regis
473 4112 616 4179 mandato
633 4113 671 4177 de
689 4133 716 4177 a.
737 4114 833 4182 1825.
851 4118 938 4182 iuxta
955 4117 1039 4200 quod
1056 4098 1166 4202 proles
1183 4121 1242 4191 iu]

159 4219 279 4301 ligioue
292 4221 394 4302 petris
411 4218 596 4285 educandae
613 4228 695 4299 sunt,
712 4223 858 4288 satisfieri
876 4233 980 4306 queat.

248 4326 279 4390 2.
303 4323 333 4389 d
358 4324 504 4409 parochis
530 4344 594 4391 non
621 4328 721 4392 solum
748 4331 851 4393 omnia
877 4332 1071 4412 Apostoliois
1097 4333 1242 4403 literisu

159 4432 316 4517 prohibita
331 4433 381 4497 ael
399 4432 439 4496 ad
456 4434 684 4500 observandum
709 4440 905 4521 praescripta
930 4439 961 4502 in
979 4440 1070 4523 praxi
1098 4441 1218 4509 deduci
1233 4464 1242 4503 a
