2798 4852
504 217 525 387 ζ’
584 227 869 380 Τέ-ιιι-
924 256 929 263 ·

176 470 229 552 plo
245 470 410 534 llioecesis
428 485 516 545 meae
534 441 756 531 Csanadiensis
772 473 853 553 utar,
870 463 1039 529 haeelicet
1055 480 1139 527 nnnc
1155 465 1214 527 Dei
1228 464 1284 548 Op·

180 578 243 641 timi
263 584 391 663 munere
409 576 484 638 tra.
502 573 667 659 Perochias
684 580 717 635 et
734 569 964 663 quadringenta
980 572 1209 653 propemodum
1224 572 1291 637 ide·
1313 560 1316 564 ’

181 683 253 746 llum
272 681 505 747 Catholicorum
530 673 623 769 millia
641 667 795 752 censeat,¹
816 681 873 742 snb
889 679 1076 771 principium
1095 686 1201 745 umen
1217 680 1293 763 eins·

183 789 367 856 dom-seculi
379 778 461 853 'duas
479 788 581 852 solum
597 785 1175 868 tresveparochiaspaucissirnosque
1188 785 1295 852 'calho-

13 938 17 944 -
86 962 89 967 ,
132 922 135 927 ·
179 898 258 963 licos
286 878 597 980 unins‚polissimum
621 895 708 957 urbis
728 893 846 956 ambito
874 892 1044 957 conclusos
1061 895 1294 987 numeraverit:

36 999 39 1007 '
178 1025 244 1069 rem
261 1008 364 1067 tamen
383 1003 412 1065 id
438 1000 590 1077 coniicit,-
609 999 692 1081 quod
710 1000 852 1082 superins
869 998 982 1064 laudati
1000 998 1118 1064 Summi
1134 984 1295 1065 Pontifices

179 1114 311 1199 disertis
313 1113 436 1181 veihis
437 1104 632 1182 enunciant,
659 1107 855 1171 acatholicos
880 1109 913 1170 ih
930 1107 1166 1171 contrahendis
1183 1126 1297 1174 connu-

160 1221 240 1286 „hiis
255 1192 339 1305 lege
351 1209 541 1282 Tridentino
552 1216 672 1282 solutos
688 1216 769 1278 hanc
786 1233 872 1279 suam
898 1200 1110 1279 exarationem
1127 1214 1296 1279 communi·

97 1378 103 1385 .
164 1316 253 1394 “care
270 1327 379 1387 eliam
376 1325 507 1405 sponsis
524 1323 592 1384 suis
618 1319 803 1392 catholicis
827 1320 903 1382 licet
920 1319 1002 1383 inter
1018 1321 1199 1387 catholicos
1217 1323 1295 1394 natis,

178 1435 285 1513 ibique
302 1435 397 1494 vitam
425 1428 636 1506 ducentibm,
657 1430 710 1491 ubi
726 1428 791 1510 legi
807 1427 898 1509 locus
922 1434 1016 1509 esset.
1041 1426 1111 1514 Jmn
1130 1448 1213 1494 vero
1229 1448 1296 1491 aea·

105 1598 109 1607 .
177 1539 307 1602 tlaolici
300 1558 331 1625 Ιιιι
348 1537 535 1618 regionibns
547 1535 608 1598 illis
626 1535 780 1631 degentes
793 1533 862 1615 legi
874 1534 948 1597 lunc
955 1533 1166 1599 Tridentinae
1175 1536 1295 1634 perinde

38 1668 43 1675 ·
144 1712 150 1718 ,
177 1620 323 1709 obnoxii
321 1662 383 1707 non
410 1651 499 1716 sunt,
526 1646 665 1722 initaque
682 1656 740 1722 per
757 1659 812 1703 eos
832 1640 915 1706 inter
931 1645 967 1705 se
984 1630 1187 1733 matrimonia
1205 1661 1293 1737 usqne

75 1796 78 1801 .
154 1738 253 1837 ‘adeo
271 1768 328 1833 pro
355 1751 467 1813 validis
485 1754 576 1818 etiam
602 1767 658 1837 per
673 1749 858 1830 Episcopos
884 1727 1093 1847 reputentur,
1119 1758 1156 1814 nt
1183 1750 1293 1815 sitalco

85 1924 89 1929 ,
144 1838 194 1919 ’.
168 1838 331 1941 'coningos
346 1876 435 1920 sacra
453 1858 676 1936 amplectantur
692 1857 866 1934 catholica,
882 1859 945 1920 nisi
962 1857 1106 1921 fortassis
1125 1878 1198 1923 cum
1215 1876 1288 1941 qoo-

66 1964 70 1971 '
142 1952 148 1963 “
175 1964 255 2047 piam
288 1958 454 2027 dirimente
486 1964 639 2026 canonico
672 1963 894 2045 impedimento
926 1967 1183 2069 contraxissent,
1221 1965 1292 2029 hand

139 2049 144 2059 ¹
175 2090 308 2151 unquam
334 2071 577 2151 recopulcntnr
605 2089 642 2132 ao
669 2071 768 2157 allero
787 2070 895 2153 nelors
913 2062 1048 2171 coningo
1066 2073 1099 2137 in
1112 2091 1176 2136 sua
1194 2075 1288 2137 natira

176 2178 376 2264 confessione
393 2183 617 2273 permanente
617 2195 676 2239 nec
689 2195 849 2246 converso
866 2181 1006 2259 coniugi,
1024 2179 1131 2243 donce
1148 2180 1202 2244 ille
1218 2179 1289 2243 alter
1312 2250 1315 2255 ,

175 2294 337 2367 superstes
355 2285 468 2356 luerit
495 2285 532 2346 ad
554 2302 635 2346 nova
663 2293 733 2349 vola
749 2287 986 2349 matrimonialia
994 2281 1216 2368 convolandi,
1240 2304 1289 2350 nec

14 2420 20 2427 ·
108 2475 113 2483 .
174 2392 325 2470 rllr,dnm
344 2395 403 2455 rste
420 2394 554 2462 vixerit
571 2410 641 2454 cnm
653 2409 793 2472 persona
812 2393 966 2456 calholica
971 2373 1248 2457 matrimonium
1232 2412 1289 2458 roe

174 2499 246 2561 omli
269 2499 399 2562 facultas
426 2501 466 2561 ob
492 2499 688 2575 subversans
713 2500 968 2580 impedimentum
984 2499 1147 2581 ligaminis
1165 2519 1289 2583 unquam

120 2644 124 2649 «
174 2607 335 2669 tribuatur.
354 2608 428 2669 l'cri
446 2594 578 2669 nomiiris
595 2609 700 2686 itaque
717 2613 788 2669 sunt
805 2624 911 2669 eorum
929 2608 1136 2678 matrimonia,
1157 2609 1288 2688 quamvis

173 2715 251 2775 citra
271 2714 400 2801 lerinam
417 2713 589 2775 Tridentini
603 2720 790 2783 contracta,
808 2704 867 2777 nec
885 2713 1050 2794 quidquam
1069 2717 1198 2792 obstat,
1217 2733 1287 2796 quo-

76 2841 82 2854 *
114 2810 117 2814 ⁴
147 2822 271 2908 ¹¹nn'nos
290 2819 486 2879 existimandi
504 2820 615 2881 sintin
633 2809 737 2882 nrixtis
755 2828 844 2883 matr.
861 2822 1090 2894 exemlionem,
1120 2843 1181 2904 qno
1202 2824 1288 2887 relate

96 2999 101 3007 ἢ
175 2925 213 2985 ad
226 2924 331 3004 legem
343 2924 715 2999 Tridentinamfruunlur,
724 2926 1016 2990 obindividuilatem
1029 2935 1214 2992 contractus
1224 2948 1289 3013 par·

24 3038 37 3063 '·
66 3022 84 3101 ἶ
135 3056 142 3065 ’
171 3032 252 3094 libus
271 3035 361 3094 etiam
380 3033 562 3130 catholicis,
589 3034 710 3097 etiamsi
727 3052 819 3097 secus
845 3036 917 3117 lege
934 3036 985 3099 illa
1003 3035 1190 3101 Tridentino
1208 3045 1288 3100 tene·

39 3206 43 3213 ,
66 3218 69 3222 ⁴
126 3130 309 3211 ¹renim,¹
322 3126 565 3203 communicare

228 3245 238 3323 j
258 3243 446 3325 Ceteroquin
465 3245 662 3309 dissimulare
681 3266 817 3328 nequeo,
835 3251 994 3313 missionis
1013 3269 1102 3312 meae
1121 3270 1287 3334 argumen-

25 3362 29 3371 '
124 3364 132 3386 ‘-
150 3379 152 3384 ¹
169 3360 233 3415 l‘orn
251 3354 284 3414 in.
298 3351 457 3432 Hnngarin
477 3356 631 3416 neminem
648 3355 765 3427 latera,
794 3355 887 3435 inque
905 3358 972 3418 eins
990 3364 1140 3420 eventum
1161 3366 1285 3422 cuncto·

128 3503 132 3509 -
167 3478 235 3531 rum
261 3461 496 3538 regnicolarum
523 3461 641 3522 animos
668 3462 841 3542 oculosque
869 3479 940 3524 csse
966 3462 1120 3528 intentos.
1149 3467 1252 3538 Quare
1266 3469 1288 3529 si

148 3554 266 3625 'Sedes
294 3567 467 3644 apostolica
486 3566 522 3627 ad
549 3566 747 3643 faciendam,
775 3587 863 3647 quarn
882 3567 1049 3631 humillime
1067 3573 1165 3653 petii,
1190 3573 1288 3636 decla-

144 3673 323 3735 -ranonom
353 3691 387 3733 se
413 3674 519 3736 induci
545 3675 624 3736 haud
653 3682 831 3754 pateretur,
859 3676 1017 3755 insperata
1037 3664 1118 3741 haee
1137 3683 1287 3744 recusatio

166 3776 272 3856 procul
299 3778 392 3840 dubio
420 3779 449 3839 in
476 3780 755 3853 invidiosissimam,
780 3784 922 3861 gravium
947 3783 1153 3864 sequelarum
1171 3788 1287 3850 feraces

147 3960 150 3967 Ι
165 3891 341 3965 verteretur
367 3887 648 3967 interpretationes
660 3909 668 3962 3
681 3949 685 3955 ,
697 3891 889 3951 laetarentur
916 3909 1026 3970 nempe
1045 3896 1166 3967 passim
1184 3897 1283 3976 queri-

108 4006 128 4049 .·
172 3987 295 4051 moniac
313 3990 342 4053 id
361 4008 462 4070 regno
480 3994 552 4055 huic
571 3994 716 4056 inmollis
734 3996 799 4056 snis
812 3974 984 4076 'angustiis
1001 3998 1179 4082 arduisque
1190 4002 1286 4065 adiun-

163 4092 225 4152 ctis
252 4099 384 4175 negari,
420 4099 502 4176 quod
525 4116 585 4177 per
611 4100 751 4165 Summos
778 4101 946 4164 Pontifices
974 4104 1047 4165 alibi
1075 4105 1217 4185 dudum,
1241 4111 1283 4167 aul

163 4216 352 4264 concessum
379 4212 430 4266 ant
448 4208 587 4286 agnitum
617 4214 684 4284 est3
718 4209 934 4271 Protestantes
963 4229 1040 4274 vcro
1059 4210 1283 4295 indignabundi

163 4286 393 4368 contenderent
408 4309 493 4374 hoc
486 4330 572 4392 ipso,
601 4314 682 4393 quod
701 4313 801 4378 Sedes
817 4314 994 4395 apostolica
1014 4325 1104 4380 matr.
1127 4321 1282 4383 mixtorum

162 4413 210 4469 cxl
217 4426 250 4472 ra
279 4409 409 4476 sormam
433 4415 602 4484 Tridentini
628 4419 836 4485 ineundorum
863 4418 1074 4500 soliditatem,
1095 4440 1168 4508 ‘per
1191 4427 1278 4509 lpsan
