2798 4852
559 196 902 374 5136}ss
943 254 947 260 ’
1153 304 1159 317 .

133 450 235 533 'quod
251 455 315 523 tum
331 446 389 522 iis,
407 447 460 531 qni
477 451 549 527 suut
559 432 605 512 ¹ex
620 427 711 529 uobis
721 495 731 543 2
741 407 937 533 'tumiisqui
953 448 1031 532 loris
1048 431 1145 530 sunt,
1169 451 1249 534 pluri

20 651 25 661 ¹
54 638 57 648 Ι
119 603 122 609 ·
152 577 234 622 mum
260 557 415 641 prodesse
439 558 541 639 possit
565 556 605 619 ad
623 555 772 621 salutem.
798 558 865 622 Vos
891 559 1006 640 igitur.
1032 558 1110 624 Van.
1138 559 1249 639 fratres

152 662 245 755 bodie
262 664 457 761 alloquentes
478 678 544 726 non
560 663 658 728 solum
675 665 841 737 iteramus,
860 683 941 746 quae
956 654 1249 739 alias-coramvobi

68 822 70 829 .
117 814 119 819 μ
151 768 253 834 eidem
276 769 418 834 Antistiti
442 773 713 854 praestantissimo
731 773 895 836 tribuimus
910 773 1091 865 praeconia,
1106 770 1165 839 sed
1180 776 1249 839 nori

38 902 56 945 .·
78 918 84 927 =
150 880 244 942 ctiam
260 874 382 961 laudum
398 877 683 961 praedicationibus
703 879 858 962 insignem
875 881 944 944 eius
960 866 1106 946 uirtutem
1122 880 1249 946 libentis

151 987 228 1056 sime
258 985 444 1049 extollimus.
478 985 544 1049 Una
579 987 661 1051 enim
692 1004 764 1050 cum
787 986 939 1070 singulari
964 1005 1076 1055 sacrae
1103 988 1249 1077 doctrinm

150 1091 255 1171 cultu,
270 1092 453 1175 solidaeque
468 1089 596 1174 pietatis
614 1091 717 1158 studio
731 1112 871 1181 summus
888 1095 990 1174 ingillo
1006 1095 1063 1160 fuit
1079 1095 1177 1160 ardor
1191 1092 1250 1160 r'eli

149 1199 263 1277 glanis,
279 1217 396 1262 summa
410 1193 605 1280 constantia,
616 1202 619 1206 ’
631 1216 766 1264 summus
782 1218 887 1265 rerum
903 1192 1106 1271 humanarum
1124 1192 1249 1267 contem

6 1311 11 1318 '
69 1374 73 1389 ι
95 1322 97 1326 “
149 1313 211 1371 tus.
227 1305 274 1369 Ad
289 1307 368 1370 baec
384 1307 519 1385 accedit,
537 1307 690 1386 eximium·
701 1326 771 1372 eum
787 1308 888 1372 fuisse
901 1308 1083 1395 humilitatis
1100 1307 1249 1397 cultoreu

16 1414 20 1427 '
67 1469 70 1474 .
148 1417 181 1479 in
198 1434 256 1497 qua
273 1412 396 1497 quidem
409 1414 890 1480 ‘omnisvirtutisiundamentum
909 1424 976 1481 est:
994 1433 1056 1498 quo
1072 1415 1249 1498 praeclarus

148 1520 225 1585 illud
241 1524 400 1604 specimen
415 1510 562 1603 pertinet,
578 1523 661 1606 qnod
677 1543 746 1587 cuuu
757 1524 966 1606 cognovisset
987 1541 1055 1586 eam
1070 1525 1165 1588 nobis
1178 1541 1249 1586 men

148 1635 211 1691 tem
226 1646 317 1700 esse,
347 1636 379 1691 ut
403 1629 501 1717 ipsum
518 1631 549 1692 in
573 1629 793 1712 amplissimum
819 1636 955 1693 vestrum
973 1610 1116 1695 ordinem
1130 1637 1249 1711 'coopto

4 1760 7 1769 ·
81 1714 86 1735 ’
147 1750 273 1808 remus,
299 1735 440 1800 studiose
464 1734 616 1800 bonorem
640 1737 735 1800 istum
753 1732 911 1800 declinare
924 1743 1060 1810 ,conatus
1075 1743 1133 1800 est.
1166 1736 1249 1801 Nibib

15 1876 19 1881 ·
38 1902 41 1907 ,
76 1836 79 1842 ’
103 1901 105 1905 ,
147 1848 251 1904 tamen
268 1841 370 1906 minus
386 1844 413 1905 si
429 1841 533 1905 divina
548 1841 745 1925 permisisset
762 1841 1249 1925 providentia'Prae'sulcrnipsun

149 1945 184 2009 iu
200 1950 402 2013 almanostra
419 1950 496 2013 urbe
512 1966 658 2022 manere,
674 1955 839 2030 postquam
854 1955 888 2012 ut
903 1948 1004 2031 probe
1019 1949 1120 2012 nostis
1136 1949 1196 2012 buc
1211 1948 1249 2011 ad

147 2062 298 2136 venerat,
315 2056 405 2121 nobis
421 2057 616 2140 propositum
633 2065 702 2120 erat
716 2073 795 2129 eum,
811 2051 1009 2139 repugnante
1020 2055 1099 2137 *licet
1114 2053 1249 2125 modesti

147 2147 224 2240 sua,
250 2160 295 2225 ad'
314 2162 527 2244 accipiendam
551 2160 768 2225 Gurdinalatus
791 2146 978 2245 dignitatem
1000 2161 1169 2227 adducere.
1186 2161 1249 2224 l’ot

146 2269 232 2333 suasi
257 2268 339 2332 enim
365 2287 509 2344 eramus,
536 2269 700 2352 egregiam
727 2269 794 2332 eius
819 2251 966 2332 virtutem
989 2267 1115 2350 dignam
1131 2285 1249 2352 prcrru

98 2422 100 2425 ψ
146 2394 240 2449 esse,
266 2390 347 2458 quae
372 2376 598 2440 excellentiore
623 2376 694 2441 loco
710 2383 899 2460 poneretur,
925 2378 1041 2458 sicque
1059 2377 1101 2439 ob
1131 2382 1249 2447 nostrat

144 2482 352 2546 adiumentum
387 2483 605 2548 sollicitudinis
642 2491 674 2546 et
694 2483 812 2548 laboris
837 2485 934 2547 vestri
960 2483 1156 2548 consortium
1171 2484 1249 2548 latit

146 2592 220 2653 s'ese
234 2591 273 2660 in,
288 2589 452 2654 Ecclesiae
477 2590 646 2655 universae
669 2591 832 2654 utilitatem
855 2590 1044 2660 effunderet.
1073 2590 1191 2654 Verum
1210 2598 1249 2671 qu

146 2714 189 2758 ex
204 2703 314 2761 nostro
339 2695 495 2760 desiderio
524 2704 735 2761 ornamentum
757 2697 960 2780 Apostolicac
976 2697 1068 2761 buius
1084 2696 1179 2769 Sedis
1194 2708 1249 2760 er!

145 2802 317 2882 debuisset.
333 2803 394 2865 iam
410 2804 442 2866 in
458 2804 589 2868 coelesti
602 2804 710 2885 patria,
727 2811 761 2867 ut
775 2804 867 2885 plane
883 2803 1073 2878 confidimus,
1091 2822 1109 2865 a
1125 2804 1193 2868 Deo
1207 2817 1249 2884 pr:

145 2915 303 2996 unigeniti
319 2911 386 2976 Filii
402 2915 450 2975 sui
475 2906 595 2976 aeterni
616 2911 778 2976 Pastorum
797 2912 947 2994 Principis
963 2915 1073 2977 merita
1091 2912 1249 2976 collocata·

146 3027 205 3085 est.
231 3019 276 3083 lta
294 3038 369 3084 sane
394 3038 525 3103 sperare
542 3037 601 3085 nos
626 3020 711 3084 iubet
728 3021 837 3084 eadem
852 3021 964 3084 eximia
980 3023 1078 3084 virtus
1089 3045 1108 3100 ,>
1126 3017 1249 3102 quami

144 3125 325 3193 Coloniensi
341 3127 591 3210 Arcbiepiscopo
609 3125 798 3190 admirantes
815 3129 1006 3210 aspeximus.
1025 3127 1059 3190 Si
1075 3126 1159 3189 enim
1171 3124 1249 3208 juxt

143 3237 294 3302 monitum
314 3236 460 3320 Apostoli
476 3233 558 3297 baud
575 3235 753 3299 contristari
770 3233 995 3298 dormientibus
1013 3232 1164 3296 debemus
1181 3233 1249 3297 sicu

144 3348 176 3409 et
191 3345 289 3410 ceteri
307 3323 359 3426 qni
376 3361 463 3425 spem
478 3360 541 3406 non
558 3341 692 3415 babent,
718 3339 791 3424 quid
816 3340 1018 3423 cogitandum
1039 3341 1188 3414 devito,
1211 3356 1249 3424 qu

145 3459 311 3534 antequam
343 3451 555 3527 obdormiret,
589 3448 758 3533 splendore
788 3450 912 3512 virtutis
943 3466 1020 3512 suae
1052 3447 1249 3531 spectaculis

56 3623 58 3627 ,
143 3557 246 3623 ruerat
270 3559 370 3622 factus
396 3558 510 3621 mundo
536 3567 567 3622 et
593 3556 796 3621 bominibus?
826 3556 955 3638 Ignorat
986 3574 1077 3621 nemo
1110 3557 1249 3620 invictus

129 3663 218 3728 illud
234 3665 327 3729 animi
352 3665 469 3744 robur,
495 3683 555 3747 quo
582 3665 757 3730 catbclicae
781 3665 949 3746 religionis
975 3671 1006 3728 et
1022 3664 1249 3729 ecclesiastiea:

143 3772 326 3854 disciplinae
355 3775 519 3855 puritatem
552 3789 681 3856 magnas
706 3773 799 3834 etiam
824 3773 906 3834 inter
932 3773 1095 3853 angustias
1112 3785 1249 3834 asseret·

141 3879 271 3945 studuit.
295 3878 415 3945 Bonum
439 3879 537 3963 igitur
561 3885 722 3943 certamen
748 3895 840 3961 quum
858 3879 1048 3950 certaverit,
1074 3895 1181 3942 nonne
1197 3895 1249 3941 ex·

141 3985 312 4068 spectanda
337 3987 397 4070 ipsi
413 3984 470 4051 init
486 4006 503 4049 a
520 3987 602 4052 iusto
618 3986 722 4050 iudice
739 3984 864 4048 ctristo
880 3983 957 4064 lesu
973 4001 1094 4048 corona
1111 3983 1249 4049 iustitiae

140 4112 221 4177 qnae
247 4096 389 4158 omnibus
413 4100 544 4158 strenue
559 4093 768 4176 legitimeque
793 4092 985 4154 certantibus
1012 4092 1157 4171 reposita
1182 4091 1249 4155 esti

140 4200 285 4264 Attamen
300 4219 370 4265 cunr
385 4203 498 4267 iudicia
523 4203 581 4266 Dei
597 4201 730 4281 abyssus
746 4196 841 4265 multa
857 4202 940 4271 sint,
963 4201 1022 4262 etsi
1040 4198 1249 4284 maximopere

140 4306 331 4375 confidamus
355 4310 533 4376 defunctum
557 4310 702 4392 AEppum
733 4311 867 4374 miserae
893 4306 984 4371 buius
1010 4308 1094 4370 vitae
1119 4308 1249 4377 tenebris

141 4423 298 4482 exemtum
322 4420 441 4483 beatam
466 4419 547 4502 apud
572 4419 710 4499 Superos
727 4415 830 4481 lucem
846 4417 945 4480 fuisse
963 4414 1024 4477 iam
1040 4423 1248 4482 consecutum
