2798 4852
597 271 843 347 -585-

159 468 216 530 sed
228 468 318 530 etiam
330 469 485 531 cautelam
496 466 578 530 illam
590 438 912 534 totPacisrc'ationibus
925 450 955 534 et
970 473 1109 536 cruentis
1121 471 1281 536 sacrificiis

157 582 298 656 partam,
325 577 412 656 quod
433 578 706 642 coniunctionibus
734 576 843 642 civium
872 580 1148 644 matrimonialibus
1174 580 1282 644 obtutu

158 682 315 765 religioso
342 683 457 747 nullum
483 683 734 764 impedimentum
759 688 832 766 poni
848 689 946 765 possit
955 706 965 764 3
990 688 1136 750 damnare
1152 690 1308 769 insuper*
1388 706 1390 710 ·

158 792 307 854 unionem
325 793 408 855 inter
425 793 511 854 cives
529 791 721 857 diversarum
739 793 936 874 religionum,
955 802 986 858 et
1002 795 1072 859 loco
1090 794 1280 859 sublatorum
1375 800 1377 805 ’

158 901 220 962 iam
238 899 436 979 physicorum
464 901 636 964 coactionis
661 902 831 966 mediorum
857 901 939 965 aliud
967 922 1029 967 non
1055 905 1154 967 minus
1170 909 1280 985 potens
1302 907 1319 968 ’,

159 996 253 1089 idque
269 1009 392 1071 morale
404 1011 545 1093 arripere
563 1009 695 1073 medium
711 1009 748 1072 ad
760 1010 956 1093 impedienda
968 1013 1062 1074 mixta
1074 1011 1279 1075 matrimonia.

157 1116 186 1188 i)
205 1115 302 1180 Porro
319 1115 399 1180 idem
417 1117 587 1181 Comitatus
604 1118 695 1182 Clero
713 1118 873 1183 Catholioo
890 1118 1012 1182 obiicit:
1029 1117 1110 1200 quod
1128 1138 1183 1202 per
1199 1121 1280 1183 ritu·
1391 1148 1393 1152 ·

159 1221 241 1296 alem
258 1222 382 1303 quidem
400 1223 456 1286 sed
474 1225 702 1288 correlationes
720 1225 828 1289 civiles
844 1243 943 1309 prope
966 1232 1212 1291 concernentem
1229 1226 1279 1290 di·

157 1333 361 1411 spositionem
379 1349 465 1394 suam
482 1332 689 1396 innovationis
706 1335 737 1395 in
753 1333 859 1395 rituali
876 1333 954 1396 citra
972 1349 1162 1396 consensum
1173 1331 1276 1396 Status
1308 1376 1312 1382 -

157 1436 280 1502 Publici
295 1440 441 1501 invectae
467 1458 555 1503 reum
582 1458 617 1502 se
642 1439 771 1517 lecerit3
790 1439 929 1525 denique
946 1440 982 1515 k)
1008 1443 1147 1522 quamvis
1166 1442 1277 1504 Clerus

158 1546 261 1630 Regni
286 1546 465 1630 Hungariae
492 1568 508 1611 a
535 1548 668 1611 motibus
694 1547 895 1613 Hierarcbiae
920 1548 1081 1610 Romanae
1106 1566 1165 1630 per
1190 1546 1280 1629 plura

149 1653 267 1718 'secula
285 1672 320 1716 se
337 1657 501 1719 immonem
512 1704 533 1730 ,.
553 1656 647 1738 inque
663 1654 845 1720 vindicanda
862 1654 1105 1737 independentia
1122 1673 1178 1718 sua
1195 1662 1300 1718 stre„
1355 1674 1359 1683 ·

157 1779 251 1824 nuum
268 1761 481 1840 praestiterit3
506 1764 645 1844 quamvis
662 1763 735 1824 item
751 1763 913 1830 Ecclesiae
930 1762 1089 1826 Romanae
1105 1762 1233 1826 decreta
1250 1766 1281 1826 in

159 1870 265 1932 Patria
282 1877 388 1934 nostra
406 1871 524 1951 absquc
540 1872 674 1952 positiva
691 1871 839 1951 Principis
856 1873 960 1953 legum
979 1871 1117 1935 custodis
1135 1877 1281 1953 accepta·
1304 1929 1317 1953 ,

158 1977 245 2039 tione
270 1978 385 2042 nullum
411 1981 553 2065 vigorem
588 1979 739 2041 habeant:
775 1978 908 2042 cundem
934 1979 1133 2041 nihilominus
1159 1978 1282 2042 Clerum

158 2091 265 2169 spreta
284 2087 460 2150 huiusmodi
486 2089 606 2169 patriae
617 2086 716 2170 lege,
745 2088 936 2177 ordinationi
959 2085 1139 2149 Pontificiae
1156 2084 1280 2169 legibus

158 2194 259 2276 Regni
286 2191 441 2257 adversae
467 2197 635 2278 cooperari
662 2195 755 2258 toties
789 2196 890 2259 dictus
917 2195 1087 2259 Comitatus
1112 2195 1281 2280 querulosa

114 2286 118 2293 ⁴
140 2333 144 2340 ·
160 2301 297 2384 exponit.
324 2303 381 2365 Tot
399 2305 457 2365 iam
476 2309 693 2386 tantorumque
709 2305 924 2387 gravaminum
941 2293 1201 2366 sublationem'ea
1218 2301 1278 2363 mi-

159 2392 229 2474 naci
246 2429 316 2473 cum
333 2409 547 2476 declaratione
573 2415 651 2495 petit
674 2431 689 2473 a
707 2412 769 2477 Sua
786 2411 948 2495 blajcstate
965 2409 1133 2474 Comitatus
1150 2410 1279 2473 Kolosi·

158 2519 262 2582 ensis:
287 2516 370 2602 quod
396 2517 489 2581 ductu
516 2519 655 2600 Approb.
674 2518 697 2580 1.
715 2522 760 2582 tit.
781 2519 808 2582 l.
834 2526 892 2582 art.
920 2518 950 2581 3.
978 2537 1046 2582 cum
1071 2517 1139 2608 aliis
1157 2534 1280 2599 quoque

157 2624 431 2710 Jurisdictionibus
448 2644 504 2706 per
521 2643 556 2689 se
574 2624 782 2708 provocandis
800 2644 839 2690 eo
856 2621 956 2690 studia
983 2642 1040 2688 sua
1067 2605 1280 2689 conversurus

157 2737 207 2806 sit,
225 2741 257 2815 nt
275 2731 398 2797 Clerum
415 2730 613 2809 Catholicum,
633 2753 723 2816 quem
742 2741 894 2815 tamquam
912 2736 1120 2819 perniciosam
1132 2733 1279 2795 Potesta-

159 2849 221 2905 tem
252 2842 368 2924 ubique
400 2843 586 2927 compellat,
611 2844 754 2909 omnibus
789 2842 897 2907 mediis
919 2844 952 2907 in
968 2860 1024 2906 sua
1042 2842 1178 2922 sphaera
1194 2839 1281 2921 posi-

152 2952 199 3032 tis
227 2948 265 3011 ad
289 2950 401 3012 limites
427 2949 540 3032 legalis
567 2952 733 3013 activitatis
759 2948 909 3021 reducat,
933 2948 1097 3029 taliterque
1121 2947 1279 3029 impediat,

163 3061 332 3143 quominus
351 3058 431 3121 idem
445 3057 553 3120 Clerus
571 3057 609 3119 ad
637 3057 730 3119 situm
757 3054 928 3121 socialibus
946 3056 1099 3118 institutis
1116 3054 1281 3117 adversum

161 3175 194 3230 et
209 3166 419 3254 periculosum
437 3183 471 3228 se
489 3164 634 3229 collocet.
1279 3184 1281 3188 ·

199 3334 201 3340 .
247 3273 333 3355 Erga
349 3274 405 3335 has
422 3272 628 3337 Comitatuum
645 3269 779 3334 Kotutltt
797 3272 933 3335 etllolos
952 3271 1176 3354 expositiones,
1187 3275 1280 3352 prout

159 3392 192 3448 et
207 3380 338 3445 alioruin
355 3379 557 3444 Comitatuum
575 3398 611 3442 ac
630 3378 753 3443 Sedium
770 3379 928 3458 querelas,
945 3377 1005 3441 illis
1018 3364 1157 3461 priorum
1174 3377 1280 3440 Comi·
1325 3394 1330 3402 ·

157 3496 275 3553 tatumn
292 3489 463 3572 analogas‚
490 3495 521 3551 et
538 3488 686 3570 gravibus
712 3487 743 3550 in
762 3487 885 3550 Clarum
902 3485 1094 3551 catholicum
1111 3477 1283 3551 invectivis
1354 3492 1357 3498 ·

160 3606 338 3680 turgentes,
363 3597 418 3661 scd
437 3600 568 3678 prorsus'
585 3596 783 3670 infundatas,
805 3601 924 3661 mecum
942 3612 999 3678 pro
1015 3593 1166 3678 ponendis
1183 3592 1280 3656 relle-

153 3707 309 3771 ,itionibus
332 3725 389 3787 per
405 3706 480 3768 Exc.
498 3703 687 3769 Gubernium
713 3704 747 3768 R.
764 3704 1026 3774 communicatas,
1054 3690 1225 3782 sequentes
1250 3698 1281 3764 in·

159 3813 629 3896 obsequium‘determinationis
642 3810 838 3876 Gubernialis
856 3819 887 3875 et
903 3827 1000 3893 scopo
1013 3808 1175 3872 faciendae
1192 3807 1289 3870 subiu-
1376 3837 1383 3847 «

160 3923 199 3984 ad
218 3921 308 3986 Suam
326 3923 525 4004 llajestatem
543 3928 673 3983 catenus
694 3921 994 4002 repraesentationis
1011 3935 1155 3999 propono
1172 3916 1280 3979 ‘anime
1373 3999 1377 4006 ¹

161 4029 381 4091 daversiones:

249 4136 278 4198 t.
294 4135 473 4200 Generatim
489 4135 589 4217 quoad
607 4152 715 4200 omnes
733 4136 936 4200 Comitatuum
954 4142 985 4197 et
1004 4132 1128 4197 Sedium
1145 4149 1281 4216 reprae-
1355 4210 1359 4215 ⁶
1378 4140 1381 4144 ’

158 4247 355 4309 cantationes
384 4246 539 4308 observo:
565 4253 635 4307 ante
653 4252 796 4329 tempus,
825 4263 885 4309 nec
902 4244 1007 4308 debita
1025 4261 1093 4306 cum
1109 4242 1283 4307 reflexione·
1344 4231 1348 4239 ’

159 4352 199 4415 ad
215 4359 327 4416 statum
345 4355 548 4435 quaestionis,
561 4371 620 4417 nec
636 4356 696 4418 rite
708 4369 849 4438 expenso
866 4354 955 4436 gravi
965 4357 1124 4424 momento
1141 4349 1282 4415 eiusdem

158 4467 343 4545 proruptum
360 4477 435 4526 esso
450 4461 489 4526 ad
515 4467 617 4529 tantas
635 4461 794 4549 querelas,
808 4470 840 4530 et
856 4459 1026 4528 Comitatus
1042 4460 1183 4526 caritatis
1199 4457 1283 4522 o'bri·
1382 4512 1386 4519 .
