2798 4852
504 242 667 401 -see
695 290 764 339 -·
845 310 848 315 ·

57 483 91 547 in
108 478 179 546 eliis
195 479 279 546 orbis
305 477 456 546 Catholici
480 481 621 562 pertibus
636 483 789 548 unanimis
804 483 873 546 fere
889 485 949 557 iam
966 482 1087 547 exstitit
1103 498 1184 547 eon·
1256 528 1268 553 .·

58 590 169 653 sensio
182 590 325 671 ‚absque
352 590 435 654 omni
460 589 627 653 Praesulea
645 588 846 676 ordinatione
861 592 1039 675 relinquere
1056 589 1187 655 eonsul—
1293 578 1305 625 ·'

58 704 123 760 tum
138 696 223 761 haud
238 715 311 762 esse
338 714 560 762 censeremus:
584 701 613 761 in
636 699 682 762 lris
699 716 805 763 rerum
822 700 978 764 adiunctis
995 698 1182 780 Enepelicas
1284 694 1288 701 '

57 826 125 871 nen
142 812 325 896 suspectata
343 802 435 870 Brevi
460 804 620 870 Pontificio
641 824 773 888 pernes
791 807 830 869 ud
847 808 969 871 Clerum
986 814 1053 871 tnto
1071 790 1189 870 dimitti
1293 794 1296 801 ’

58 928 158 996 posse
175 911 430 974 existimavimus.
448 911 514 975 Nec
530 920 708 993 postremae
725 914 761 976 ad
779 915 838 976 lroe
856 913 1029 977 laciendum
1045 912 1177 976 rationis
1243 918 1280 977 .“

57 1023 158 1083 instar
183 1020 315 1081 servivit
339 1019 431 1082 nobis
447 1018 477 1082 id
495 1038 638 1102 quoquae,
665 1020 747 1103 quod
764 1012 1006 1101 speraverimus,
1029 1021 1119 1094 lore,
1136 1026 1181 1092 ut,
1247 1096 1250 1103 Ι
1297 1016 1303 1023 ’

58 1127 132 1190 dum
149 1125 322 1206 enemplum
338 1145 356 1190 a
372 1128 560 1208 reliquarum
579 1128 671 1192 Orbis
688 1129 840 1194 Catholici
866 1132 995 1211 partium
1023 1126 1184 1192 Praesuli-

10 1221 14 1229 ¹
57 1236 117 1298 bns
134 1233 237 1304 datum
255 1235 351 1297 secuti
367 1234 429 1299 hoc
440 1237 471 1298 in
482 1235 607 1300 obiecto
618 1254 676 1300 nos
700 1239 911 1311 erraneiamum
924 1239 1023 1305 minus
1035 1233 1183 1318 querelae

57 1330 291 1422 suppeditemus
303 1349 530 1426 argumentum,
542 1362 631 1425 qoam
640 1344 710 1407 dom
722 1345 758 1407 ed
771 1361 896 1428 passum
908 1342 1183 1408 istumlaciendum

56 1442 1183 1532 immedieteergaprovocationemllomanlPontificisdeterminaremur.
1378 1523 1379 1530 ἵ

149 1557 291 1621 Adducta
319 1561 710 1642 estinsuperinmedium
736 1544 1182 1642 ttesctnttoltegiaadviea-
1276 1633 1279 1639 Ι
1329 1570 1336 1585 “

56 1665 140 1754 rium
156 1664 340 1729 Generalem
365 1666 616 1750 strigoniensem
633 1687 659 1731 a.
678 1668 776 1732 1819.
796 1673 824 1743 in
844 1669 972 1753 negotio
988 1674 1077 1731 matr.
1094 1666 1185 1728 mixti

56 1773 484 1861 interllmericumllombos
502 1777 988 1859 etCatlaarinumSzepesyeum
1006 1772 1181 1852 insensum
1262 1776 1265 1787 '
1347 1778 1352 1786 '

51 1881 164 1956 edita,
190 1882 223 1946 nt
249 1879 393 1946 Vieari'us
420 1889 472 1945 aul
489 1882 752 1967 dispensationem
779 1884 970 1965 elargiatur,
998 1888 1051 1944 aut
1078 1860 1197 1944 cilicio*
1323 1862 1329 1933 s

57 1982 238 2063 renunciet..
260 1986 354 2054 Juvat
379 1998 451 2053 ante
479 1978 581 2055 omnia
605 1991 718 2054 facttum
743 1993 852 2074 paucis
877 2007 1060 2055 recensere.
1095 1987 1204 2051 luter¹

58 2099 219 2182 praelatos
244 2114 378 2180 sponsos
405 2100 624 2180 impedimento
651 2101 752 2181 quarti
774 2098 977 2180 cognationis
994 2095 1115 2178 gradus
1130 2096 1184 2156 in-

12 2226 16 2233 ·
57 2198 263 2290 tercedente,
302 2207 444 2270 vicarius
480 2208 518 2271 ad
551 2200 791 2290 dispensandum
819 2209 1009 2289 requisitus,
1048 2203 1184 2267 asseruit

59 2336 96 2382 se
115 2322 270 2397 potestate
304 2315 505 2397 dispensandi
535 2317 759 2397 prohoccasu
792 2327 917 2387 carere,
951 2312 1102 2394 siquidem
1132 2294 1208 2391 ¹la·¹
1306 2288 1309 2297 ⁴
1336 2302 1340 2309 ’

57 2425 160 2490 cultas
186 2423 405 2505 dispensandi,
431 2442 488 2506 qua
520 2424 672 2505 polleret,
699 2427 790 2487 onice
816 2423 854 2485 ad
887 2421 1081 2485 matrimonia
1106 2436 1184 2501 pure
1314 2440 1351 2505 '1

57 2531 211 2604 catholica
237 2534 465 2614 restringatur,
492 2518 629 2593 ceterum
655 2537 794 2613 paratum
821 2548 856 2592 se
872 2545 945 2591 esse
963 2529 1001 2591 ad
1019 2510 1185 2591 recursum
1265 2540 1268 2545 ’
1300 2506 1309 2579 Ιἰ

57 2638 119 2707 hoc
136 2657 234 2722 scope
252 2638 385 2703 Sanctae
404 2637 475 2702 Sedi
494 2637 652 2703 Romanae
669 2637 892 2723 porrigendum
907 2616 1183 2716 etexoperundam
1260 2640 1267 2647 ·
1312 2706 1337 2716 ,ἱ
1363 2630 1369 2639 “

58 2746 333 2833 dispensationem.
359 2747 463 2809 Posita
490 2746 517 2808 ci
543 2764 620 2828 erga
647 2746 727 2809 laaue
756 2743 1009 2807 declarationem
1026 2738 1183 2805 ditissimo
1201 2776 1212 2808 ·,
1265 2804 1270 2811 ,
1344 2744 1351 2755 “

57 2859 143 2923 Loco
168 2862 410 2920 remonstratam
437 2874 474 2919 ea
500 2855 704 2921 alternative:
729 2863 762 2917 ut
790 2853 840 2917 rel
857 2853 982 2935 proprie
999 2850 1185 2932 anctoritate
1211 2888 1216 2895 ·
1242 2878 1263 2938 '·.
1310 2850 1353 2915 ‚2‘

10 2964 13 2969 ’
59 2968 239 3051 dispenset,
259 2965 306 3029 vel
325 2981 433 3029 munus
451 2980 539 3028 suum
561 2948 713 3041 resignet,
730 2965 888 3044 reposuit:
914 2981 949 3025 se
968 2950 1077 3026 nunnus
1094 2977 1190 3039 suum„
1278 2972 1282 2977 ’
1306 2980 1310 2987 ·

59 3093 123 3141 uon
139 3077 169 3138 in
186 3076 343 3158 proprium
368 3069 562 3137 commodum
575 3070 664 3145 ,sed
690 3071 722 3131 in
740 3068 902 3131 utilitatem
918 3067 1086 3130 Ecclesiae·
1098 3067 1130 3128 in
1148 3082 1184 3128 se
1312 3065 1316 3071 “
1348 3066 1353 3074 ‘

57 3168 1196 3262 assumpsereidresignandamverosutfietontemconsensumque-²·
1229 3232 1234 3239 .
1271 3192 1278 3206 ·
1336 3192 1341 3203 ·

59 3310 151 3374 quum
168 3280 295 3360 hahere,
310 3290 342 3352 in
358 3280 477 3369 reliquo
488 3285 638 3367 siquidem
655 3290 802 3347 recursus
817 3283 943 3346 Romam
955 3262 1072 3373 institui
1083 3283 1185 3362 impe·
1220 3328 1223 3333 .
1288 3277 1312 3305 ’·
1354 3312 1363 3321 ·

60 3390 846 3478 dictur,dispensationemalrtomgraviarationum
858 3369 1217 3460 momentasnedeants2
1257 3438 1260 3443 .
1339 3442 1344 3449 .

28 3574 32 3579 ,
58 3525 96 3573 se
112 3505 473 3586 ·petestate·ortgmarta
499 3506 530 3568 iu
556 3502 616 3566 hoe
643 3480 719 3564 casu
745 3499 931 3585 dispensare
948 3496 1039 3567 velle.
1064 3496 1180 3580 Reipsa
1199 3536 1202 3541 -
1224 3480 1241 3553 ,ἶ
1296 3566 1299 3573 ,
1369 3504 1374 3511 ·

31 3615 325 3699 dispensationem
353 3613 599 3695 elanguescat,
630 3618 661 3673 et
688 3624 818 3680 causas,
851 3605 890 3670 ob
908 3597 984 3687 quas
1001 3605 1032 3666 id
1050 3602 1181 3681 lecerit,
1291 3688 1294 3693 Ι

59 3724 92 3789 in
115 3722 252 3785 Decreto
278 3720 520 3799 dispensationis
546 3709 701 3797 exposuit.
725 3715 760 3788 *)
786 3714 871 3776 llaec
898 3718 948 3801 est
973 3710 1046 3773 laeti
1062 3712 1184 3782 series.
1293 3730 1349 3798 ν,τ

42 3872 47 3877 -
68 3872 190 3887 -ωΙ--υ-
200 3870 346 3879 -...-.-......-..
355 3870 380 3877 ..-

168 3949 201 4017 a)
229 3951 367 4002 Decretum
379 3947 598 4017 dispensationis¹
614 3948 652 3999 sie
666 3955 759 3999 sonat:
781 3943 942 4012 „Emerieus
962 3943 991 3994 l..
1011 3941 1039 3994 B.
1054 3940 1087 3992 de
1106 3939 1185 3994 Pere'n

40 4051 111 4099 ,ele
127 4039 191 4091 Cum
207 4038 273 4091 Nob.
297 4038 418 4091 Emerieo
439 4036 552 4090 Gombos
576 4064 607 4076 -·
630 4036 663 4088 ad
686 4035 810 4087 ellectum
836 4031 1010 4086 contrahendi
1034 4024 1092 4084 eum
1117 4031 1184 4085 Nob.
1242 4061 1245 4066 ·
1297 4046 1310 4079 ¹.

10 4120 34 4176 '·'.
60 4119 201 4201 Catharina
218 4128 337 4196 ¹Szepesy
349 4186 352 4191 ,
362 4128 438 4180 Helv.
455 4128 536 4182 ''Conl
549 4116 653 4179 addicta
667 4127 692 4178 in
706 4125 731 4177 4.
745 4114 886 4193 consangv.
910 4124 993 4193 gredo
1015 4123 1186 4187 matrimonii,

58 4232 114 4275 tunr
133 4220 207 4288 ¹quod
236 4235 359 4297 recursus
387 4218 495 4270 Romam
520 4232 568 4285 pro
591 4210 732 4267 obtinenda
755 4211 949 4280 dispensatione
975 4206 1059 4268 'simili
1079 4211 1187 4265 formari
1211 4222 1232 4282 Ἰ
1260 4204 1285 4237 ’·
1345 4196 1376 4237 ·'

10 4326 12 4333 ·
52 4316 196 4379 nequeat,
217 4324 248 4360 ae
262 4309 337 4375 proin
352 4309 465 4361 velutin
479 4322 543 4359 casu
556 4303 741 4369 necessitatis,
759 4303 785 4352 in
800 4309 924 4369 quantum
938 4303 1039 4371 quippe,
1047 4302 1186 4359 facultates
1242 4368 1246 4373 Ι

56 4382 142 4463 asne
156 4380 298 4452 sanctiate
321 4395 427 4462 aroer.
442 4395 497 4461 vu.
511 4392 607 4449 areae.
622 4392 727 4446 canuae.
746 4390 824 4445 raro.
849 4387 991 4467 aerisona
1015 4407 1067 4463 qua
1082 4390 1204 4443 vacam-

58 4480 671 4562 Cspitularicommunicatae.netorsincusum
693 4464 1197 4562 bunehaudsullleferent‚0rdinario'¹
1230 4502 1255 4541 ,·
1283 4540 1287 4545 ,
1316 4551 1321 4558 ⁸
1370 4485 1375 4490 “
