2798 4852
467 237 869 390 ,'·‘.‘-roa-‚

71 540 74 547 ,
167 493 221 539 sus
238 474 452 539 declaratione
470 475 680 538 assistentiam
691 474 858 556 praebere,
872 453 1155 554 actumquetaliter
1166 470 1270 556 gestum

166 589 199 648 in
216 582 328 647 librum
344 585 614 646 matrimoniorum
630 581 775 660 reterre3
793 580 984 664 domante-m
1000 576 1059 665 per
1077 578 1195 663 partem
1211 602 1272 646 aco·

167 690 311 755 tholicam
328 672 474 771 omnibus
487 685 545 771 per
561 688 730 753 Ecclesiam
748 688 949 769 praescriptis
960 687 1192 768 conditionibus
1210 708 1273 754 ena-

55 780 59 786 ’
164 806 213 862 cte
232 796 354 872 satistit,
380 795 845 861 tutaminum-matrimonium
881 794 976 862 solito
1001 798 1063 862 ritu
1100 781 1304 889 benedicere,

113 888 116 893 ¹
167 903 298 985 possint.
961 986 964 995 Ι
1028 911 1057 980 ᾗ
1225 885 1228 895 ’

136 1012 138 1016 ’
190 1046 192 1051 -
223 1033 227 1047 ’
253 1012 395 1094 Denique
413 1030 481 1075 eum
498 1004 623 1074 inducta
639 1027 696 1090 per
712 1009 893 1092 Hungariae
909 1003 1274 1093 Episcopospassiva‘illa

12 1138 15 1143 ’
121 1188 124 1192 ,
164 1121 345 1183 assistentia
361 1118 536 1202 regnicolis
553 1120 678 1182 nimium
694 1120 803 1193 invisa,
821 1117 1023 1199 omniumque
1040 1136 1125 1181 nune
1141 1119 1174 1182 in
1190 1135 1275 1199 regno

46 1296 55 1315 l
137 1278 139 1282 .
165 1227 353 1292 serventium
372 1225 594 1289 disturbiorum
606 1241 700 1288 causa
718 1227 768 1297 sit,
786 1227 931 1289 aciuncti
947 1225 1119 1288 uactcrma
1136 1220 1275 1306 coniuges

60 1377 64 1388 ·
164 1338 237 1418 lege
250 1332 352 1416 'patria
369 1332 399 1397 id
416 1333 497 1397 hand
514 1329 698 1413 prohibente
715 1327 884 1398 oratorium
896 1315 1145 1423 acatholicorum
1162 1330 1216 1414 pro
1230 1350 1275 1396 re·

128 1457 131 1462 ·
165 1442 317 1526 cipiendis
332 1436 402 1521 illie,
412 1443 535 1528 usitatis
553 1440 716 1505 solemniis
731 1441 894 1547 accedere,
904 1443 1137 1520 observentur,
1163 1441 1275 1505 taliter·

60 1590 62 1594 .
102 1616 108 1623 ,
147 1568 224 1636 .que
241 1551 431 1642 necessitate
448 1547 548 1610 solum
566 1554 692 1610 extorta·
707 1549 786 1612 haec
811 1550 950 1631 provisio
967 1554 1075 1627 optato
1093 1554 1152 1611 su'o
1171 1547 1274 1610 ellectu

48 1674 51 1680 ’
126 1742 129 1746 Δ
164 1661 302 1735 caritura
320 1660 371 1735 sit,
389 1658 483 1724 mixta
501 1663 705 1737 matrimonia,
724 1660 1107 1742 quae-italerentenetors
1120 1659 1269 1725 condenda

67 1815 70 1821 .
128 1821 133 1835 ,
166 1766 240 1850 lege
258 1766 342 1832 civili
359 1768 438 1832 citra
454 1768 581 1831 formam
599 1769 729 1832 Concilii
745 1767 917 1832 Tridentini
932 1771 1004 1832 iniri
1021 1764 1204 1850 contigerit,
1228 1755 1272 1847 pro

67 1903 70 1909 ·
118 1936 121 1943 ,
168 1875 282 1939 illicitis
308 1876 450 1956 quidem,
483 1876 521 1938 ad
546 1875 802 1956 tranquillitatem
829 1867 936 1946 tamen
949 1876 1213 1959 conscientiarum
1227 1893 1272 1956 pm

54 2038 60 2057 ,
166 1982 275 2047 validis
293 1983 569 2065 per·Sauotitatem
586 1984 731 2048 Vestram
749 1972 887 2067 benigne
904 1967 1141 2052 declarentur.v

257 2090 343 2156 Haeo
361 2099 444 2167 sunt,
461 2084 643 2156 Beatissimo
661 2093 763 2172 Pater,
780 2111 835 2174 per
852 2111 934 2181 quae
950 2072 1089 2157 demisso
1106 2110 1177 2156 meo
1193 2109 1271 2157 senso

166 2199 255 2264 nobis
271 2202 451 2282 nostrisque
469 2201 731 2283 opportunissime
756 2202 855 2280 possit
880 2200 1051 2264 subveniri.
1079 2200 1230 2282 Dignetur
1243 2216 1271 2260 ea

162 2306 320 2370 Sanctitas
338 2308 451 2370 Vestra
470 2309 609 2373 sublimis
639 2292 730 2399 suae*
744 2304 918 2390 sapientiae
945 2308 1034 2371 lance
1063 2307 1202 2381 librare,
1224 2305 1276 2368 tlu·'

165 2414 337 2495 alitusque,
355 2418 408 2495 qui
425 2413 581 2479 Ecclesias
599 2415 656 2478 Dei
682 2416 714 2476 in
731 2424 820 2478 vasto
835 2393 892 2480 illo
910 2423 1066 2479 terrarum
1093 2422 1214 2488 tractu,
1241 2430 1269 2473 ac

160 2523 339 2604 praeprimis
356 2525 388 2586 in
405 2523 565 2606 Hungaria
583 2523 720 2604 condique
738 2514 1071 2604 circumstrepentes
1091 2505 1269 2604 oppugnant,

161 2632 332 2711 apostolica
350 2650 406 2694 sua
424 2634 577 2697 sententio
606 2633 760 2696 silentium
786 2634 953 2712 imperare.
986 2631 1055 2693 Erit
1080 2632 1145 2694 hoc
1171 2646 1268 2693 novum

160 2736 339 2801 Sanctitatis
356 2737 489 2802 Vestrae
505 2742 536 2802 in
553 2739 635 2802 illam
652 2741 838 2821 praesertim
856 2747 982 2821 gentem
1000 2746 1155 2820 paternae
1172 2736 1268 2799 volun·
1303 2737 1307 2744 '

97 2904 102 2911 ,
159 2844 231 2906 tatis
249 2844 477 2917 documentum,
495 2863 574 2924 quae
594 2846 797 2927 Apostolioae
816 2846 889 2910 Sedi
905 2853 1059 2927 perpetuo
1078 2845 1190 2917 fidelia,
1211 2842 1270 2904 alie-

160 2948 295 3013 nissimis
321 2950 414 3013 etiam
440 2944 505 3015 suis
530 2955 723 3036 temporibus
749 2956 1040 3034 praesentissimum
1067 2955 1138 3016 eius
1164 2965 1270 3030 semper

26 3023 28 3026 ι
79 3080 83 3085 ·
158 3059 980 3141 expertaestpraesidium.-llomae,die8.1)cc.
1004 3059 1102 3124 tete.
1130 3058 1269 3138 losephus

121 3180 126 3189 ·
161 3167 326 3243 icrrovics,
345 3169 400 3251 Ep.
419 3168 648 3234 Csanadiensis.

677 3389 763 3463 598.
781 3378 786 3391 ’

62 3570 65 3574 ·
83 3537 90 3555 ’
156 3557 267 3616 Altera
281 3559 426 3616 eiusdem
438 3559 524 3630 Eppi
544 3562 798 3631 repraesentatio
813 3562 844 3616 iu
858 3560 971 3616 coalent
986 3556 1119 3628 objecto
1133 3559 1174 3614 att
1186 3550 1266 3614 Gari.

372 3652 498 3708 -Status
511 3651 729 3707 Secretarium
743 3651 796 3707 dal.
810 3652 860 3707 22.
874 3650 951 3706 Dec.
965 3649 1056 3707 1840.

244 3818 496 3882 Eminentissime
509 3827 569 3881 eto.
581 3819 660 3882 Dum
671 3821 739 3882 vice
751 3827 906 3901 postrema
918 3811 1128 3879 Eminentiam
1138 3814 1265 3901 Vestram

155 3944 260 3988 coram
277 3926 449 3989 venerandi
476 3928 731 4009 exoptatissimus
757 3919 830 3989 mibi
848 3928 948 3990 honor
965 3924 1101 4004 obtigit,
1135 3923 1213 3986 ultro
1227 3934 1265 3979 me

156 4031 327 4095 Eminentia
353 4033 465 4095 Vestra
492 4052 668 4113 provocare
686 4036 813 4116 dignata
832 4043 899 4096 est:
926 4039 958 4095 ut
984 4049 1065 4122 quae
1095 4034 1126 4095 in
1153 4031 1287 4111 uberius¹

43 4146 47 4153 '
153 4143 387 4221 propositorum
403 4159 503 4222 nuper
514 4142 695 4207 Beatissimo
706 4145 786 4207 Patri
798 4143 1022 4206 uastuartoram
1035 4159 1176 4204 meorum
1187 4139 1264 4199 mixta

154 4249 242 4309 matr.
260 4253 517 4314 concernentium
528 4252 741 4315 fulcimentum
754 4251 833 4333 apud
847 4249 984 4312 Eandem
997 4247 1209 4319 attraxissem,
1224 4247 1263 4304 aut

154 4350 234 4414 ultra
251 4354 330 4418 haec
348 4356 449 4420 adhuc
466 4359 540 4443 milri
558 4359 666 4422 nefors
683 4364 905 4441 suppeterent,
934 4356 1015 4418 haec
1042 4358 1165 4440 scripto
1189 4369 1263 4416 com-

150 4459 306 4539 prehensa
323 4461 362 4523 ad
378 4448 520 4528 Eandem*
531 4465 713 4547 perferrem.
740 4452 834 4528 Facio
852 4465 881 4529 iol
899 4483 937 4528 eo
953 4465 1132 4540 libentius,
1149 4458 1261 4545 quadiu
