2798 4860
683 243 982 341 -48-7·

170 462 175 475 “
210 441 349 511 :haeresi
364 443 412 512 illiv
425 447 542 505 tantum
558 437 718 513 individuo
736 441 892 523 competit,
915 436 1078 525 eidemque
1095 441 1277 517 confertur,
1296 444 1353 527 qui
1375 472 1379 481 ·

222 551 350 637 cognita
367 567 422 614 sua
439 564 574 614 erronea
591 547 670 621 dde,
694 565 843 630 suamque
860 545 1084 649 deceptionem¹
1093 545 1289 634 deplorans,
1307 567 1357 648 ex.

204 648 208 653 ’
222 657 348 723 haeresi
365 655 403 719 ad
420 656 522 720 sinum
537 653 700 719 Ecclesiae
716 652 896 719 Catholicae
913 652 1003 728 redit,
1021 655 1190 739 evaditque
1207 655 1350 723 catholi-

92 770 108 799 ’“
222 783 289 830 000.
316 765 385 829 ,lam
402 780 477 828 vero
495 761 728 843 dispensatione
745 762 783 825 ab
801 762 927 826 haeresi
946 776 1023 845 0000
1040 760 1134 826 habet
1149 762 1349 829 individuum
1390 764 1395 799 ’·

94 944 97 950 ,
221 850 371 957 profitens
388 871 477 935 iidem
494 870 699 944 catholicam,
725 870 956 954 intendensque
975 871 1116 961 copulari
1132 873 1261 937 vinculo
1280 891 1348 939 ma·

98 968 105 981 ’
221 981 359 1049 trimonii
375 998 446 1046 cum
460 979 620 1045 individuo
638 977 767 1043 alterius
785 979 969 1063 religionis,
995 978 1120 1045 nolente
1141 996 1230 1045 suum
1248 998 1348 1049 erro·

221 1107 287 1154 rem
305 1089 486 1173 deponere,
509 1105 657 1171 suamque
673 1084 901 1152 heterodoxam
917 1086 1008 1152 iidem
1034 1088 1195 1154 deserere.
1221 1074 1348 1156 Huius·
1374 1152 1395 1177 .,

100 1242 104 1249 =
222 1196 305 1264 modi
320 1195 511 1262 individuum
527 1212 722 1278 nequaquam
737 1202 843 1277 potest
853 1195 939 1260 licite
957 1215 993 1261 ac
1010 1196 1149 1281 legitime
1166 1198 1237 1263 sinc
1254 1180 1350 1279 prae·

222 1309 274 1370 via
291 1307 524 1391 dispensatione
541 1305 689 1387 coniungi
706 1305 902 1370 matrimonio
928 1305 1178 1370 cumindividuo
1205 1305 1313 1371 alieno
1331 1319 1355 1399 a

222 1413 283 1478 lide
298 1411 327 1476 S.
345 1411 502 1476 Romanae
518 1409 702 1486 Ecclesiae;
727 1410 809 1475 haec
826 1411 950 1492 quidem
975 1413 1112 1497 impertit
1138 1420 1280 1497 optatam
1295 1412 1350 1478 di-·

222 1521 476 1607 sponsationem,
507 1518 565 1583 sed
590 1517 734 1607 allectam
761 1517 1010 1596 conditionibus,
1042 1539 1121 1603 quas
1152 1520 1352 1591 contrectari

130 1677 134 1682 -
160 1630 166 1639 “
222 1631 449 1695 matrimonium
475 1628 687 1711 scriptotenus
709 1625 893 1704 admittere,
917 1646 954 1692 ac
971 1628 1172 1697 iureiurando
1189 1631 1351 1697 roborare
1392 1672 1395 1725 3

222 1744 370 1804 terrentur
387 1737 425 1801 de
442 1735 546 1800 lutura
562 1735 661 1817 protis
678 1735 877 1816 educatione,
895 1754 932 1800 ac
947 1740 1070 1802 ratione
1087 1738 1119 1801 in
1136 1735 1197 1801 lroc
1213 1739 1350 1802 hetero—
1389 1722 1395 1771 ’ἶ

224 1845 308 1913 doro
325 1845 517 1910 matrimonio
534 1843 678 1928 agendae
694 1846 788 1916 vitae.
799 1879 843 1891 —
854 1845 944 1921 Quod
963 1845 1075 1909 bullam
1092 1842 1257 1937 Benedicti
1269 1844 1350 1912 xlv.
1385 1842 1388 1849 '

132 1934 134 1938 ’
204 1951 624 2021 sermocinatione.
655 1951 751 2016 1641.
778 1955 998 2038 incipientem:
1030 1952 1282 2041 „Matrimonia‘ss
1310 1954 1349 2019 ad
1388 1964 1392 1969 '

225 2081 312 2147 quam
329 2063 404 2127 Exc.
423 2059 587 2127 Generalis
611 2062 773 2147 appellare
790 2068 907 2141 tentat,
934 2060 1076 2127 adactum
1102 2079 1137 2126 se
1154 2065 1258 2127 cernit
1274 2061 1349 2147 lipi-

205 2252 208 2259 1
224 2188 337 2257 000000
353 2170 393 2234 ad
408 2168 632 2254 propalandum
649 2159 691 2235 1).
703 2169 852 2237 Generali
863 2219 882 2251 ,t
893 2187 1028 2236 erronee
1044 2187 1118 2236 esse
1134 2172 1284 2255 citatam;
1311 2191 1349 2237 ea

224 2278 306 2343 enim
332 2285 435 2342 aetate
461 2294 611 2342 summum
637 2277 852 2343 Pontificatum
877 2280 979 2361 gessit
1004 2268 1149 2344 Urbanus
1175 2279 1206 2343 8.
1235 2282 1348 2365 quiin

223 2374 316 2451 simili
330 2386 459 2451 materia
476 2386 580 2450 emisit
604 2384 716 2449 bullam
733 2386 782 2451 die
798 2385 851 2454 30.
869 2387 947 2451 Dee.
965 2406 991 2451 a.
1011 2386 1104 2451 1624.
1122 2406 1203 2470 quoe
1220 2388 1347 2472 incipit:

95 2484 99 2491 '
222 2492 332 2575 „Licet
348 2494 448 2578 probo
464 2499 625 2585 teneamus
640 2495 866 2561 catholicorum
884 2512 954 2561 cum
964 2495 1133 2561 haereticis
1150 2476 1347 2565 matrimonia

223 2599 372 2685 fugienda
390 2600 485 2666 esse“
502 2607 562 2664 etc.
583 2598 669 2666 ldem
685 2605 811 2687 repetiit
826 2603 970 2674 Clemens
987 2604 1040 2669 ΡΡ.
1051 2603 1104 2668 Χ1.
1116 2606 1149 2669 in
1165 2607 1346 2689 apostolicis

223 2696 288 2773 siis
303 2707 404 2773 literis
424 2708 538 2773 dio25.
550 2707 634 2773 lunii
648 2708 743 2774 1706.
761 2709 912 2786 „Maioris
930 2714 1076 2777 momenti
1097 2713 1343 2794 existimarunt

223 2822 256 2881 et
271 2833 381 2883 rursus
399 2816 431 2882 in
447 2817 515 2882 aliis
527 2817 650 2883 literis:
666 2816 864 2903 „Coniugiis
883 2839 964 2904 quae
978 2821 1143 2903 plurimum
1161 2823 1347 2895 deformita-

224 2928 295 2991 tis“.
321 2926 512 2997 Benedictus
529 2932 632 2991 autem
649 2925 729 2991 Xlll.
758 2930 809 3010 qui
825 2928 937 2994 solium
958 2929 989 2996 S.
1006 2930 1091 2994 Petri
1108 2929 1183 2995 adiit
1200 2924 1372 2998 01140-

223 3034 291 3099 10111
305 3032 465 3121 decretale
479 3036 666 3117 rescriptum
687 3034 737 3099 dd.
754 3033 788 3101 4.
807 3034 888 3099 Noa.
909 3033 1005 3100 1741.
1023 3037 1061 3101 ad
1078 3038 1253 3122 Episcopus
1268 3040 1395 3107 Hol—

222 3142 348 3208 landiae
365 3148 397 3206 et
412 3139 523 3228 Belgii,
541 3140 624 3226 quod
640 3143 769 3225 incipit:
788 3143 929 3218 „Dolens
945 3146 1085 3227 inprimis
1104 3165 1195 3230 quam
1212 3150 1395 3216 00001ιέ

222 3251 378 3319 Sanctitas
396 3247 479 3316 Sua“
489 3270 499 3327 ;
526 3249 564 3313 ad
580 3250 744 3315 Primatem
770 3270 849 3316 vero
865 3253 1091 3337 Episcoporum
1108 3253 1259 3321 Poloniae
1286 3255 1395 3321 ad—

223 3376 333 3424 versus
349 3358 497 3443 coniugia
514 3359 737 3428 catholicorum
764 3378 833 3424 cum
848 3361 1018 3427 haereticis
1045 3361 1186 3446 duplices
1204 3365 1395 3449 encycli—

152 3512 156 3523 ,
223 3484 277 3529 000
294 3467 444 3549 epistolas
461 3468 606 3550 scripsitz
632 3469 760 3549 primam
788 3468 838 3534 die
855 3470 908 3534 29.
925 3470 1056 3535 100110.
1077 3470 1173 3538 1748.
1192 3471 1395 3558 incipian.-

224 3554 304 3637 tom:
330 3575 488 3657 „Magnae
513 3575 607 3667 nohis
632 3574 847 3641 admirationis
873 3594 931 3639 nec
958 3577 1086 3644 minoris
1113 3566 1233 3643 doloris
1250 3594 1395 3644 caus=

223 3680 320 3759 luit“;
347 3682 475 3746 alteram
501 3683 553 3747 die
568 3681 597 3746 8.
616 3681 694 3748 Nov.
721 3683 832 3766 eodem
858 3704 883 3748 0.
905 3683 1010 3748 1748:
1036 3683 1109 3762 „Ad
1134 3705 1209 3752 suas
1235 3702 1395 3773 maort,

222 3793 407 3875 pervenisse
424 3808 518 3872 00000
535 3790 697 3872 epistolam
714 3798 855 3856 nostram
875 3790 1104 3873 encyclicam“.
1116 3845 1119 3850 .
1130 3789 1218 3858 ldem
1245 3795 1395 3876 ipsu-

137 3915 144 3929 ·
222 3900 293 3964 Pius
312 3898 343 3964 8.
371 3899 451 3981 Papa
476 3898 645 3964 inculcavit
670 3898 825 3983 Episcopo
850 3899 1070 3966 Podlachiensi
1096 3903 1127 3966 in
1154 3901 1237 3967 edita
1267 3921 1285 3967 a
1311 3915 1395 3967 ξ

221 4007 385 4093 encyclica
402 4009 433 4071 in
449 4008 549 4073 lorma
559 4005 668 4073 Brevis
685 4011 828 4090 superins
845 4010 1099 4084 commemorata,
1118 4017 1150 4074 et
1165 4011 1198 4076 in
1215 4010 1395 4094 disper-

222 4116 365 4194 satione,
387 4114 475 4179 cuius
491 4114 666 4195 exemplum
682 4117 902 4199 praesentibus
918 4118 1018 4182 literis
1035 4124 1085 4181 001
1100 4115 1274 4207 adnexum,
1298 4107 1395 4183 ff:

209 4219 362 4285 adductis
379 4222 521 4287 omnibus
539 4221 614 4285 lixo.
633 4221 795 4287 Generalis
811 4222 866 4287 fiet
881 4240 1052 4305 persuasus
1064 4206 1076 4286 ε’
1100 4223 1129 4287 1.
1157 4223 1395 4310 11010000οἈ

222 4331 345 4394 minime
361 4347 418 4412 per
435 4331 604 4395 dioecesim
621 4329 774 4414 evulgare
793 4332 1008 4398 ordinationes
1034 4331 1129 4398 ductu
1146 4335 1280 4419 0000010
1295 4337 1394 4399 assi

215 4438 459 4520 praeoccupatis
476 4438 692 4522 opinionibus,
716 4439 773 4504 sed
789 4446 1005 4533 consentanee
1022 4439 1061 4503 ad
1079 4441 1110 4506 S.
1121 4440 1221 4507 Sedis
1238 4433 1395 4525 npofft
