2798 4852
592 282 827 357 -607-

133 480 239 561 legem
256 477 366 540 adultis
384 477 572 540 ceremoniis
589 485 735 551 assueto,
761 496 817 560 per
833 478 1079 561 denegationem
1102 478 1255 542 solemni-

132 593 230 648 tatum
248 593 279 646 et
296 585 524 648 benedictionis
542 585 580 647 de
598 585 758 649 validitate
785 585 970 648 matrimonii
998 586 1162 650 dubitandi
1180 605 1256 649 ansa
1308 646 1310 651 ,

130 693 335 773 praebeatur;
360 693 521 754 innovatio
549 693 646 772 igitur
663 693 741 754 baec
766 694 927 774 principiis
955 695 1137 757 moralitatis
1156 713 1255 774 aeque

122 820 171 863 ac
189 799 293 882 legum
311 798 703 863 sanctimoniaecontraria
715 815 771 878 pro
789 798 901 878 agendi
919 799 1008 863 modo
1026 799 1151 885 Unlonis
1168 801 1268 865 iura-·

131 916 237 969 mento
256 907 445 970 adversante
464 907 658 971 considerari
677 908 781 972 debet.

222 1017 522 1077 Praementionatum
547 1033 644 1097 porro
670 1033 841 1096 gravamen
866 1035 925 1078 noe
956 998 1025 1077 oum
1059 1017 1253 1098 aequalitate

130 1126 243 1187 iunium
268 1131 464 1206 receptarum
489 1125 679 1205 religionum
704 1123 864 1187 conciliari
890 1131 1013 1205 potest3
1042 1143 1110 1186 nam
1127 1128 1155 1188 si
1173 1145 1255 1208 qua·

130 1249 325 1310 rumeunque
342 1233 372 1293 in
390 1232 491 1293 Patria
518 1232 721 1293 existentium
746 1231 933 1312 religionum
960 1233 1055 1293 Verbi
1072 1232 1176 1314 Divini
1194 1233 1254 1295 bli-

132 1339 239 1400 nistris
257 1339 386 1404 libertas
404 1339 461 1400 sub
487 1337 706 1420 praeadductis
732 1338 966 1401 conditionibus
991 1339 1156 1419 copulandi
1172 1358 1257 1403 eon-

134 1445 320 1520 cederetur‚
349 1452 409 1506 tam
427 1445 552 1525 legibus
574 1463 664 1524 quam
691 1445 826 1527 politicis
853 1446 1024 1508 rationibus
1042 1440 1199 1509 contraria
1219 1466 1256 1509 ac

139 1551 351 1615 funestissima
369 1554 449 1614 inter
466 1551 660 1615 diversarum
677 1551 865 1632 religionum
877 1551 1016 1615 asseclas
1033 1551 1161 1616 dissidia
1178 1573 1259 1616 exo·

134 1661 235 1722 ritura
252 1660 321 1721 lore
339 1663 449 1722 merito
467 1662 562 1722 metui
579 1667 706 1741 posset3
722 1668 967 1740 praememorata
986 1679 1083 1743 porro
1102 1658 1257 1724 ordinatio

137 1765 316 1830 ediametro
329 1768 513 1830 adversatur
526 1766 719 1847 dispositioni
735 1775 791 1831 art.
805 1765 886 1830 ena.
903 1767 964 1828 179
974 1767 997 1828 l.
1009 1767 1039 1829 in
1053 1767 1257 1848 sequentibus

135 1889 327 1952 expressae:
354 1875 478 1955 ‚proles
506 1851 643 1936 emixtis
669 1877 873 1937 matrimoniis
900 1874 1118 1957 suscipiendae
1147 1893 1257 1936 sexum

136 1997 266 2043 suorum
291 1989 453 2063 parentum
479 1990 670 2062 sequantur,
698 1989 730 2043 et
753 1983 886 2059 masculi
903 1986 933 2045 in
951 1982 1067 2062 patris,
1094 1982 1257 2046 loemellae
1324 2028 1327 2033 ,

134 2095 238 2151 autern
256 2091 286 2150 in
305 2090 410 2152 matris
428 2107 504 2151 suae
521 2088 677 2170 religione
694 2070 917 2166 educentur&
942 2091 1048 2151 sensui
1072 2091 1150 2150 enim
1167 2090 1257 2171 huius

134 2195 216 2276 legis
234 2196 448 2260 disertissimis
466 2215 616 2280 expresso
646 2197 750 2259 verbis
773 2197 977 2261 conformiter
993 2203 1102 2258 neutra
1121 2200 1255 2278 partium
1333 2254 1336 2259 a

136 2311 237 2366 semet
264 2303 301 2365 ad
328 2302 507 2369 educandas
535 2307 565 2367 in
593 2304 744 2367 catholica
780 2303 935 2384 religione
968 2305 1130 2382 utriusque
1162 2308 1257 2366 sexus

136 2410 243 2489 proles
261 2410 403 2492 obligare
420 2403 534 2493 potest.

227 2517 385 2582 Postremo
403 2521 429 2581 is
447 2539 569 2602 quoque
586 2519 702 2600 agendi
731 2519 859 2591 modus,
886 2535 947 2598 quo
970 2517 1152 2582 sacerdotes
1169 2517 1259 2578 noa-

137 2620 247 2687 tbolici
274 2643 329 2706 per
357 2628 598 2710 denegationem
624 2627 856 2690 benedictionis
887 2629 1119 2689 innovationem
1151 2632 1258 2687 contra

128 2740 227 2796 ,usum
246 2732 383 2797 adultum
409 2735 613 2799 introducere
640 2734 821 2807 intendunt,
848 2740 1007 2814 repugnat
1034 2734 1129 2814 Appr.
1152 2733 1258 2795 Const.
1299 2720 1301 2725 ’

138 2839 170 2904 P.
180 2840 210 2930 .¹.·
229 2842 275 2901 tit.
297 2840 322 2903 l.
342 2850 400 2903 art.
423 2840 453 2906 3.
480 2844 683 2923 sequentibus
709 2843 832 2904 verbis:
865 2842 918 2916 „in
945 2841 1136 2911 minoribus,
1163 2841 1260 2915 eliis,

139 2965 220 3026 quae
237 2947 362 3012 ordines
379 2949 478 3011 solum
496 2950 727 3011 ecclesiasticos
745 2954 957 3022 concernunt,
983 2948 1041 3026 ipsi
1059 2945 1087 3006 hi
1123 2944 1258 3007 Ordines
1306 3016 1309 3028 Ι

139 3053 354 3118 Ecclesiastici
372 3062 503 3137 possunt
528 3055 718 3117 constituere
737 3061 766 3116 et
783 3051 990 3119 concludere,
1020 3051 1075 3113 sed
1092 3058 1212 3113 tantum
1228 3053 1259 3114 in

140 3144 344 3242 generalibus
362 3165 567 3227 conventibus
595 3182 663 3225 cum
681 3160 873 3234 auditoribus
891 3169 922 3222 et
939 3160 1006 3221 aliis
1023 3157 1211 3234 Ordinibus;
1229 3159 1259 3218 in

139 3270 236 3331 rebus
262 3278 364 3332 autem
390 3271 556 3333 universos
583 3271 786 3350 tangentibus
812 3268 894 3330 haud
911 3282 1028 3341 secur,
1063 3284 1153 3346 quam
1171 3283 1260 3327 com-

141 3377 225 3438 muni
241 3379 375 3441 omnium
391 3396 566 3455 consensu,
591 3379 713 3441 scilieet
734 3397 804 3440 cum
828 3375 979 3458 suffragio
1005 3393 1041 3437 ac
1059 3370 1255 3453 beneplacito

139 3501 357 3558 supremorum
374 3487 607 3566 magistratuum
625 3494 656 3547 et
672 3486 908 3567 patronorum.“

120 3585 125 3590 ’
152 3581 157 3589 ’
233 3590 393 3674 Supplices
411 3593 543 3676 proinde
551 3595 750 3676 blajestatern
761 3592 855 3654 Vram
872 3592 994 3658 SSmam
1013 3607 1147 3651 exorare
1164 3588 1261 3649 susti-

142 3717 271 3778 nemus,
291 3709 443 3782 quatenus
461 3703 634 3784 gravamini
652 3701 721 3763 huic
746 3708 940 3784 quantocyus
958 3697 1107 3760 medelam
1125 3693 1261 3765 adferre,

142 3807 329 3871 sacerdotes
346 3808 599 3872 llCatholicorum
618 3811 675 3872 sub
692 3827 793 3890 poena
810 3807 959 3870 Uladislei
975 3806 1067 3868 Decr.
1085 3802 1133 3866 Vl,
1153 3802 1262 3874 arte.

143 3933 329 3995 expressae
347 3919 579 3980 continuatione
608 3916 756 3979 abusuum
781 3916 839 3976 bac
869 3917 901 3976 in
934 3920 1022 3995 parte
1049 3912 1263 3973 exercitorum
1335 3916 1336 3919 ’

142 4021 328 4102 prohibere,
354 4019 527 4104 Episeo'pos
546 4040 621 4090 vero
638 4023 806 4084 Romano·
818 4028 851 4082 et
869 4018 1019 4082 Graeco·
1033 4015 1264 4080 catholicorum

143 4129 184 4192 ad
209 4132 446 4195 revocationem
482 4131 782 4209 annullationemque
815 4126 1019 4189 Pastoralium
1045 4127 1075 4187 in
1106 4119 1264 4204 sequelam

144 4236 331 4298 Pontilicalis
361 4237 567 4300 ordinationis
594 4237 746 4300 editarum
773 4234 971 4316 adstringere
996 4250 1050 4312 pro
1073 4234 1175 4295 innata
1203 4228 1266 4292 Sibi

145 4351 276 4426 paterna
294 4343 459 4408 clementia
478 4344 634 4426 dignetur.
