2798 4852
593 236 848 310 “7““””“

152 429 313 511 potestatem
330 430 407 497 illud
425 432 550 498 omnino
567 431 635 497 lieri
653 433 685 497 in
702 433 846 498 Ecclesia
863 434 963 517 velle,
981 439 1073 519 quod,
1091 446 1124 504 ut
1140 441 1246 506 Bene-

97 520 104 585 1'
153 535 300 604 ticit'xtv.
326 538 592 605 Praedecessoris
609 542 710 605 nostri
727 539 833 604 verbis
849 548 980 615 utamur,
997 551 1127 626 propter
1142 548 1246 611 maxi-

97 598 110 707 1.
153 665 186 709 na
198 647 351 727 pericula,
378 665 459 730 quae
485 654 547 710 tam
577 649 653 727 ipsis
671 647 846 721 catholicis,
864 668 954 732 quam
971 653 1151 716 nasciturae
1165 656 1248 735 proli

154 774 180 817 cr
191 755 333 838 praelatis
349 757 508 819 imminent
522 756 660 838 nuptiis,
686 773 811 836 semper
826 756 878 820 uel
896 775 913 820 a
929 761 1036 840 primis
1053 762 1244 841 temporibus

154 861 267 928 Ecclesia
291 863 360 928 lieri
377 865 486 926 vetuit.
518 861 605 936 Quae
631 879 707 926 sane
722 862 939 944 matrimonia,
966 884 1035 930 cum
1051 870 1175 931 minime
1192 875 1245 931 to·

156 977 239 1048 nnat,
264 977 296 1035 et
321 968 360 1032 ab
381 969 524 1034 Ecclesia
551 976 704 1052 tamquam
731 969 816 1034 nulla
850 978 1039 1054 respuantur
1064 980 1244 1056 propterea,

157 1078 214 1158 quod
235 1074 321 1143 inita¹
334 1085 406 1142 sunt
430 1095 493 1142 non
518 1085 685 1161 praesente
702 1080 841 1155 parocho
867 1079 994 1142 autulio
1011 1080 1114 1163 aliquo
1131 1100 1244 1146 sacer·

158 1184 206 1247 dote
226 1186 264 1248 de
279 1185 409 1268 parochi
435 1185 575 1249 eiusdem
591 1193 644 1248 ant
660 1186 809 1249 ordinarii
825 1185 964 1260 licentia,
989 1204 1049 1249 nec
1065 1190 1243 1268 praesenti-

110 1344 115 1355 .
157 1291 193 1354 lus
207 1291 321 1355 duobus
338 1291 449 1354 saltem
465 1291 598 1355 testibus
610 1296 696 1356 iuxta
714 1294 839 1356 concilii
850 1292 1021 1357 Tridentini
1037 1297 1244 1377 praescripta,
1342 1324 1349 1337 ·

109 1456 122 1483 ¹.
157 1406 254 1478 pacet
269 1400 425 1480 publicata
451 1401 484 1463 iu
500 1399 631 1463 Bavaria
648 1406 739 1476 sunt,
766 1407 798 1461 ct
825 1418 949 1483 semper
974 1400 1087 1464 ibidem
1113 1401 1244 1476 religio-

157 1506 250 1568 sissime
266 1506 447 1582 observata,
465 1506 643 1589 intelligere
660 1514 762 1589 potes,
781 1511 872 1571 etiam
890 1509 928 1572 ob
946 1526 983 1570 ea
1000 1509 1089 1581 mala,
1116 1509 1245 1590 quaein

158 1611 214 1674 cirili
226 1613 416 1694 reipublicae
433 1621 515 1689 statu
541 1634 581 1676 ex
598 1616 635 1677 iis
662 1617 778 1678 oritura
796 1623 889 1691 sunt,
917 1623 1034 1696 quanto
1052 1616 1155 1679 studio
1180 1616 1243 1678 sint

158 1718 327 1796 prohibenda.
348 1754 388 1766 -
408 1754 447 1765 —
466 1755 510 1766 —-
525 1721 650 1800 Itomae,
678 1721 727 1784 die
747 1722 795 1784 tt.
813 1722 904 1785 Febr.
923 1720 1019 1786 1803.
1038 1723 1125 1786 Pont.
1142 1726 1243 1788 nostri

159 1827 251 1889 01003.

633 2027 721 2099 415.

249 2214 451 2289 Responsum
470 2215 571 2274 lincis
590 2215 746 2274 llnvartae
766 2218 818 2274 dd.
838 2217 883 2275 ot.
904 2215 989 2274 illati.
1010 2217 1099 2276 tsoa.

216 2399 330 2465 Lite'ras
347 2420 363 2462 a
381 2401 494 2464 Vestra
513 2402 683 2466 Sanctitate
710 2403 767 2464 sub
788 2403 836 2466 tt.
854 2403 945 2466 Febr.
973 2403 1010 2464 ad
1029 2398 1075 2463 rne
1090 2401 1181 2479 datas
1196 2405 1242 2466 uti

156 2509 301 2582 gratissimo
320 2511 422 2573 animo
439 2511 559 2586 accepi,
576 2511 616 2571 ita
629 2512 753 2572 sinistra
771 2510 917 2575 denariis
935 2513 965 2574 in
984 2511 1079 2577 rebus
1096 2511 1241 2591 publico·
1286 2541 1289 2545 ·

108 2642 111 2651 ·
155 2595 349 2679 ecclesiasticis
376 2616 629 2679 ordinationibus
647 2620 723 2679 meis
741 2621 857 2700 opinio,
883 2621 913 2681 in
931 2637 1020 2700 quam
1039 2619 1241 2682 sanctitatem
1330 2623 1334 2631 '

152 2715 262 2786 Vestram
279 2723 436 2787 inductam
453 2724 551 2786 fuisse
569 2726 794 2805 significabant,
808 2728 938 2799 maximo
956 2728 1048 2787 animi
1066 2726 1175 2789 dolore
1193 2742 1240 2786 me

97 2840 107 2911 t,
150 2825 236 2894 adscit.
259 2865 297 2877 -
319 2865 359 2876 -
379 2830 467 2904 Quod
484 2814 674 2895 matrimonia
693 2834 786 2895 mixta
804 2837 924 2910 attinet,
937 2821 1242 2898 SanctitatiVestrae

97 2937 110 2995 .’
149 2932 262 3016 ‘gnotum
290 2957 364 3002 esse
390 2938 469 3000 haud
496 2945 620 3019 potest,
646 2939 698 3001 illa
725 2941 755 2998 in
772 2940 902 3020 imperio
928 2924 1036 3004 nostro
1055 2938 1239 3004 Germanico

146 3044 210 3110 iuxta
239 3045 330 3129 teges
362 3045 623 3120 fundamentales,
655 3066 763 3129 pacem
789 3065 898 3128 nempe
916 3048 1182 3130 Wcstphalicam,
1209 3055 1241 3108 et

143 3150 206 3216 inula
232 3152 467 3219 observantiam
492 3153 524 3216 in
551 3171 587 3214 ea
614 3153 770 3217 fundatam
796 3173 860 3218 non
886 3157 978 3219 modo
1006 3156 1140 3217 uiriliter
1156 3154 1240 3217 licita

143 3277 213 3339 csse,
236 3261 292 3324 sed
315 3280 418 3341 neque
442 3255 602 3340 prohiberi
618 3280 723 3342 posse.
755 3261 876 3325 interea
894 3264 1016 3326 illorum
1034 3261 1240 3324 solennisatio

141 3371 267 3444 parochis
285 3368 469 3430 acatholicis
486 3369 627 3430 absolute
644 3371 782 3431 iniuncta
800 3370 950 3444 nonfuit,
975 3369 1030 3430 sed
1048 3369 1086 3428 ad
1104 3385 1240 3428 conser-

141 3474 251 3538 vandam
277 3493 395 3538 morum
413 3475 627 3556 integritatem
653 3481 684 3536 et
700 3475 841 3537 ordinem
860 3474 983 3536 civilem
1009 3476 1107 3537 iorma
1124 3479 1240 3541 tantum

110 3606 112 3610 ·
140 3577 231 3664 legalis
249 3568 629 3647 eiusmodic'ontractibus
642 3587 836 3664 praescripta
853 3590 910 3658 est,
927 3590 958 3647 ut
975 3583 1140 3647 effectuum
1158 3581 1240 3649 civi·

140 3685 196 3753 lium
208 3691 381 3774 participes
397 3689 519 3766 fierent,
546 3689 656 3770 quibus
673 3690 791 3769 privari
807 3691 876 3754 iure
894 3709 956 3752 non
974 3698 1129 3771 poterant.
1161 3692 1240 3755 llinc

140 3797 157 3858 si
168 3800 317 3878 parochus
335 3798 549 3860 conscientiae
566 3814 642 3859 suae
659 3799 849 3861 contrarium
868 3814 939 3879 esse
957 3799 1066 3861 credat
1084 3798 1237 3862 eiusmodi

139 3903 326 3983 matrimoniis
344 3902 514 3982 adsistere,
530 3905 755 3969 dimissoriales
773 3905 937 3983 concedat,
963 3913 996 3969 ut
1013 3906 1122 3969 saltem
1139 3905 1240 3986 quoad

103 4017 106 4021 ’
138 4009 254 4078 effectus
271 4013 383 4077 civiles
398 4012 477 4074 haec
495 4013 674 4076 coniunctio
691 4013 830 4096 legitime
847 4013 914 4077 fieri
931 4015 1031 4095 possit
1048 4036 1055 4074 :
1073 4014 1163 4075 unice
1179 4012 1241 4076 hoc

135 4115 177 4182 lex
197 4126 311 4187 nostra'
333 4120 482 4202 iniungit.
517 4118 627 4201 Neque
644 4119 696 4181 hic
715 4119 831 4202 aliquid
848 4121 1037 4182 innovatur:
1064 4135 1131 4181 mos
1158 4120 1239 4181 enim

135 4227 175 4294 ille
190 4231 220 4294 in
238 4232 381 4303 omnibus
397 4230 496 4301 locis,
523 4227 576 4291 ubi
589 4227 739 4308 permixti
754 4228 942 4310 religionum
960 4226 1103 4288 a'sseclae
1120 4228 1240 4300 vivunt,

130 4347 265 4424 receptus
282 4341 449 4412 retinetur,
469 4371 508 4382 -
529 4369 567 4381 -
586 4334 751 4410 Monachd,
769 4338 819 4400 die
836 4334 889 4398 31.
907 4334 979 4416 Maji
998 4331 1090 4397 1803.
