2798 4852
239 308 263 321 ..
335 198 339 205 ’
535 242 897 331 ss-asoz-

59 422 235 521 ..otiam
226 472 258 517 m
256 425 436 534 Religione
453 399 617 517 catholica
629 465 725 531 posse
735 423 877 540 salaari3
891 465 952 510 nec
969 448 999 511 ln
1017 449 1062 510 oo
1069 457 1151 513 auae
1165 449 1229 520 reli·

113 564 220 643 giouis
235 559 459 640 praestantiam
476 555 656 628 collocans,
672 553 754 633 quod
770 553 823 617 illa
834 556 876 617 sit
886 553 960 617 sola
976 551 1231 647 salvifica3qain·

52 660 56 665 ’
102 669 178 731 ‚imo
197 667 399 736 existimans,
417 663 639 742 praestantiam
658 674 736 723 suae
755 659 948 742 religionis
939 677 974 722 tn
992 661 1152 723 eositam
1150 676 1226 732 assa,

16 782 19 787 ’
36 779 61 796 ”
117 770 200 853 quod
216 772 269 834 illa
286 771 410 851 plenam
427 770 690 831 conscientiarum
706 766 884 830 libertatem
902 766 1030 851 tribuat,
1048 784 1144 846 quam
1160 767 1229 831 latio

118 885 268 952 testatur,
283 877 416 958 prolium
433 894 559 946 suarum
575 866 760 939 catholicam
770 857 1005 954 religionariam
1017 873 1233 951 adunationem,

113 1000 219 1064 vpenes
235 1002 328 1063 quatu
344 980 578 1063 aequesalvari
596 983 737 1062 possint,
764 977 969 1043 admittendo.
993 978 1037 1042 At
1060 981 1235 1043 verbaliter

8 1074 30 1099 '⁴
92 1164 95 1169 ,
117 1107 156 1152 se
171 1105 224 1151 res
240 1089 336 1151 habet
352 1087 454 1167 quoad
472 1071 640 1166 coniugem
656 1083 852 1147 catholicam.
876 1083 961 1147 llaec
979 1084 1114 1148 omnino
1130 1103 1235 1165 paren·

33 1269 38 1274 ‚
117 1194 188 1259 tali
189 1195 390 1274 propensioni
406 1194 599 1257 contrarium
615 1193 689 1272 agit
706 1193 736 1254 si
748 1193 781 1254 in
797 1169 1013 1254 educationem
1025 1190 1162 1272 prolium
1170 1209 1245 1263 aua

110 1321 188 1367 rum
204 1319 222 1363 a
238 1299 404 1383 Religione
422 1299 579 1362 catholica
589 1297 722 1389 alienam
733 1296 971 1369 consentiendo,
988 1292 1120 1359 easdem
1136 1297 1236 1360 discri-

120 1409 199 1473 mini
213 1406 322 1471 salutis
338 1411 493 1485 exponat,
509 1383 618 1486 utpote
633 1423 697 1467 non
716 1389 864 1486 ignoraus
879 1391 1053 1482 Religionis
1072 1403 1235 1467 Catholicae

56 1495 60 1501 ⁴
121 1513 256 1595 dogma:
274 1511 311 1574 de
328 1511 403 1575 Fide
420 1511 578 1572 catholica
596 1510 670 1573 sola
679 1508 832 1589 salvifica
848 1507 895 1571 Ex
911 1527 971 1590 qua
988 1511 1193 1575 convictione
1206 1509 1235 1572 de

15 1634 18 1639 ·
120 1621 313 1702 praestantia
338 1623 371 1681 et
392 1615 617 1699 praecellentia
641 1615 809 1699 religionis
835 1614 910 1678 suae
926 1612 1044 1696 sponsa
1063 1623 1118 1681 a'nt
1133 1619 1235 1679 canina
1277 1654 1279 1665 ·

77 1788 80 1794 ,
124 1723 284 1793 Catholica
315 1740 372 1804 pro
404 1721 556 1802 parentali
583 1738 660 1802 erga
691 1721 799 1801 proles
816 1720 1022 1784 suasallectu
1046 1740 1112 1785 non
1140 1728 1234 1807 ¹potest

39 1879 42 1883 J
122 1814 188 1895 n'on
228 1846 346 1911 agere,
387 1835 421 1890 ut
461 1828 519 1889 hae
556 1825 1060 1908 ‘inlleiigione1Catholica„in
1090 1846 1154 1911 qua
1185 1834 1233 1890 tan
1277 1814 1279 1885 j

54 1936 63 1945 '
122 1938 210 2015 ipsa,
234 1952 325 2014 quam
351 1941 387 1996 et·
400 1940 489 2014 pater
513 1940 567 1995 aut
589 1949 726 2015 sponsus
752 1932 956 2015 evangelicus
977 1932 1097 1997 nullutn
1112 1935 1173 1997 illis
1188 1937 1234 1997 in·

125 2044 246 2104 minere
271 2042 380 2103 salutis
397 2040 588 2114 discrimen,
614 2032 736 2138 easque
759 2039 874 2101 salvari
909 2054 1004 2118 posse
1031 2040 1231 2128 concentiunt,

121 2145 315 2231 educentur,
333 2146 539 2224 educatioque
560 2145 632 2207 talis
649 2164 706 2226 per
721 2144 935 2209 Reversalcs
927 2166 960 2208 ιιι
976 2153 1044 2211 tuto
1062 2145 1236 2210 collocetur

212 2226 891 2343 Reversaleshuiusmodiperpientissimam
902 2251 1065 2314 Dominam
1077 2251 1237 2336 Augustam

43 2370 56 2414 ·.
122 2357 252 2421 hieriam
269 2356 449 2421 Therasiam
474 2360 646 2422 occasione
671 2357 881 2421 ineundorum
904 2360 1074 2420 mixtorum
1091 2352 1238 2422 matrimo-

124 2466 249 2526 niorum
265 2463 471 2526 conformiter
487 2464 524 2526 ad
543 2472 676 2527 mentem
693 2464 855 2530 Ecclesiae
881 2465 1070 2527 Catholicae
1089 2465 1240 2546 praescri·

123 2576 215 2649 ptos,
233 2586 289 2648 per
305 2569 414 2632 Divum
436 2571 511 2651 Imp.
530 2578 559 2632 el
577 2570 697 2652 Regem
714 2571 886 2652 Josephum
901 2571 940 2633 ll.
956 2571 1134 2650 prohibitas
1152 2570 1239 2635 fuisse

125 2691 166 2737 eo
183 2680 280 2737 sensu
301 2694 409 2738 verum
427 2685 492 2738 est:
520 2677 604 2763 quod
620 2679 647 2739 is
664 2676 789 2740 suadd.
811 2678 862 2739 16.
879 2677 952 2740 Maii
969 2675 1068 2738 1782.
1093 2678 1242 2758 publicata

63 2834 66 2839 .
120 2782 324 2844 Resolutione
340 2781 439 2863 Regia
456 2786 595 2856 caverit,
612 2803 652 2847 ne
669 2786 702 2846 in
719 2785 844 2847 casibus
860 2781 1066 2847 ineundorum
1081 2787 1240 2855 mixtorum

124 2887 390 2950 matrimoniorum
407 2891 485 2951 tales
501 2889 691 2954 Reversales
714 2890 866 2972 deinceps
884 2893 1080 2971 exigantur,
1106 2894 1244 2973 vigorem

123 2991 321 3071 nihilominus
347 3013 470 3066 earum,
497 3015 577 3076 quae
603 2998 669 3072 sub·
686 2998 832 3078 Augusta
859 2996 956 3059 Matre
982 2994 1082 3060 Maria
1100 2997 1245 3061 Therasia

125 3097 216 3161 datae
233 3099 382 3176 luerunt,
406 3102 620 3178 confirmavit,
648 3121 748 3184 noque
765 3121 897 3184 unquam
923 3104 1102 3189 prohibuit,
1119 3107 1245 3186 -quomi-

13 3186 16 3196 ¹
38 3213 41 3219 '
60 3282 66 3289 ι
124 3223 183 3268 nus
203 3213 310 3284 paler,
328 3214 380 3270 aut
396 3226 531 3287 sponsus
549 3210 754 3288 evangelicus
770 3202 893 3280 lib'ere,
910 3210 984 3288 quin
1002 3209 1040 3279 ad
1058 3212 1091 3274 id
1110 3229 1246 3294 quoquo-

124 3311 227 3400 modo
243 3315 437 3394 stringatur,
463 3313 500 3374 ad
526 3318 771 3405 conventionem
792 3334 860 3378 oum
891 3318 1189 3397 sponsa·oalholica
1213 3316 1245 3378 de

36 3427 40 3432 '
127 3421 261 3482 omnium
281 3420 412 3499 prolium
440 3420 593 3484 calholica
619 3422 807 3485 educatione
833 3422 1007 3495 accedere,
1035 3431 1069 3484 el
1085 3425 1243 3504 superbae

126 3522 282 3584 benevole
293 3524 481 3588 Reversales
498 3525 574 3588 dano
591 3530 706 3609 possit3
732 3530 784 3608 qui
799 3530 1002 3612 insuper-per
1019 3547 1110 3617 suam
1121 3532 1185 3593 ‘sub
1199 3527 1244 3591 tt.

124 3627 198 3689 Maii
228 3626 322 3690 1782.
351 3630 589 3695 Resolutionem
606 3636 785 3706 omnibus,
818 3654 898 3716 quae
924 3637 956 3696 in
979 3635 1103 3718 Regno
1130 3640 1232 3720 vigent

4 3817 8 3824 ⁵
123 3731 241 3814 liogvis
267 3736 455 3816 publicatam
482 3746 589 3817 aperte
622 3737 812 3802 declaravit:
846 3747 1040 3820 quantopere
1075 3742 1136 3804 sibi
1169 3737 1236 3805 cord

74 3866 77 3871 ·
123 3849 208 3902 essct
224 3841 347 3924 Religio
366 3844 534 3907 Catholica.
559 3844 655 3918 „Cum
674 3848 776 3918 enim,
803 3853 836 3907 ut
852 3848 950 3907 verba
970 3845 1106 3910 lntimati
1122 3854 1236 3919 sonant,

23 3968 38 4000 ι
123 3965 186 4009 uon
204 3949 348 4011 obscuris
374 3950 583 4015 intellexisset
609 3951 734 4015 indiciis
746 3932 761 4026 ,¹
782 3955 875 4016 etiam
892 3956 922 4017 in
939 3953 1053 4036 Regno
1071 3955 1238 4036 Hungariae

121 4049 337 4116 Protestantcs
363 4055 402 4116 ad
428 4058 708 4135 inconvenientes,
734 4067 764 4121 et
781 4058 935 4149 benignae
952 4062 1125 4123 intentioni
1144 4073 1239 4123 suaet

53 4177 61 4189 ι
126 4153 276 4221 diametro
294 4161 501 4225 adversantes
518 4164 749 4253 declarationes
761 4175 793 4228 et
805 4182 956 4228 excessus
969 4166 1137 4248 prolapsos
1148 4167 1239 4232 fuist

119 4267 219 4343 atque
245 4273 351 4328 cetera
378 4272 459 4333 inter
487 4271 650 4341 transitum
676 4273 713 4333 ab
732 4273 910 4336 orthodoxa
935 4273 1106 4356 Religione
1124 4271 1236 4335 adalim

72 4362 352 4435 ..Confessionos
372 4375 489 4445 licitum
505 4396 576 4441 esse
595 4379 711 4457 passim
728 4380 760 4440 in
776 4380 890 4462 vulgus
908 4398 1083 4465 spargere:
1109 4381 1177 4444 ideo
1190 4374 1232 4441 sub
