2798 4852
584 240 814 365 45an
959 304 963 311 -

54 552 60 563 ,
134 477 167 543 iu
186 477 281 541 rebus
308 462 519 557 spiritualibus
543 470 689 555 principii
714 474 810 537 instar
833 472 1027 555 propositum
1056 480 1123 547 est,
1150 473 1247 557 reipsa

27 600 32 657 ζ
100 667 103 672 ι
135 591 394 678 manuteneatur:
420 589 654 665 exspectamus,
680 587 714 645 ut
739 579 881 646 Ecclesia
906 587 1016 646 nostra
1032 584 1066 646 in
1082 582 1151 655 his,
1176 602 1248 665 quae

135 693 173 756 ad
189 693 396 774 religionem,
420 690 599 754 nominatim
616 690 653 753 ad
669 689 749 752 ritus
766 704 876 752 sacros
892 689 1070 770 pertinent,
1087 709 1104 753 a
1121 689 1248 773 legisla-

43 878 46 883 .
99 820 103 826 ’
134 801 228 865 tionis
254 799 400 882 politicae
427 797 543 886 tntum
568 796 785 880 independens
815 796 1062 860 maneat-Hanc
1091 793 1249 860 Ecclesiae

19 900 24 909 ’
86 977 90 987 ,
133 900 405 989 independentiam
423 911 514 988 atque
532 904 777 969 libertatemiam
794 904 891 969 Divus
909 902 1064 968 Protorex
1076 904 1247 986 Stephanos

135 1015 282 1098 agnovit,
302 1014 372 1076 dum
389 1013 491 1094 Regni
508 1015 608 1076 nostri
622 1031 688 1076 rem
705 1011 857 1095 publicam
875 1010 1092 1085 coordinavit,
1110 1022 1269 1096 agnove-¹

135 1128 206 1186 runt
224 1123 274 1186 alii
291 1141 415 1205 quoque
431 1121 556 1204 Reges,
583 1139 712 1201 quorum
729 1123 758 1184 in
777 1106 913 1183 decretis
930 1118 968 1182 ad
986 1119 1122 1183 eandem
1140 1120 1248 1183 Eccle-

135 1231 201 1293 siae
218 1229 395 1294 libertatem
421 1229 569 1310 frequens
596 1229 628 1291 tit
653 1230 846 1309 provocatio.¹
871 1228 958 1303 Dum
971 1234 1075 1291 antem
1093 1227 1176 1291 haec
1191 1228 1261 1290 Ec··

134 1338 251 1402 clasiae
267 1339 396 1403 libertas
412 1356 469 1421 per
484 1338 573 1421 leges
599 1339 715 1420 patrias
740 1343 917 1399 manutenta
935 1338 1075 1414 exstitit,
1092 1335 1249 1399 Ministro·

134 1464 202 1509 rum
219 1447 311 1509 etiam
336 1428 505 1509 Ecclesiae
522 1444 691 1509 relationes
708 1451 853 1508 accurate
870 1443 1103 1507 determinatae
1120 1442 1251 1519 luerunt,

135 1552 382 1634 significantibus
401 1553 460 1617 illis
476 1552 539 1617 Lib.
551 1555 581 1617 2.
593 1554 684 1616 Decr.
696 1550 801 1637 Steplr.
814 1570 880 1633 cap.
894 1552 925 1615 2.
938 1551 1047 1614 verbis
1061 1574 1069 1613 ι
1086 1550 1251 1633 „Episcopi

44 1726 47 1731 ,
66 1700 69 1707 ·
102 1720 105 1725 ,
134 1661 269 1724 habeant
286 1668 475 1744 potestatem
487 1679 540 1723 res
552 1659 973 1743 ecclesiasticasprovidere,
990 1675 1124 1747 regere,
1141 1658 1252 1742 guber·

133 1786 228 1842 nare,
256 1776 347 1850 atque
367 1769 549 1852 dispensare
573 1769 741 1833 secundum
759 1786 911 1832 canonum
928 1766 1188 1831 anctoritatem.“
1203 1765 1251 1829 llic

134 1882 203 1938 erat
229 1883 412 1940 constanter
437 1875 540 1939 Status
568 1875 778 1940 Ecclesiastiei
801 1874 1069 1939 constitutionalis
1087 1874 1249 1949 situs,'oui

44 1960 50 1973 Δ
134 1990 249 2048 neutra
263 1982 701 2069 Pacitrcationum'derogavit.
721 1984 807 2057 Quae
825 2001 894 2044 cnm
905 1985 945 2046 ita
958 1983 1034 2052 sint,
1049 1982 1157 2063 quoad
1168 1984 1251 2045 toties

30 2164 34 2173 .
61 2089 64 2095 ’
102 2086 112 2113 ·’
134 2091 301 2172 allegatum
327 2090 545 2154 scaenarum
571 2109 658 2154 ararim
675 2090 753 2153 satis
770 2090 839 2153 tore
858 2088 1045 2177 censeo‚'si
1061 2088 1093 2152 id
1110 2089 1252 2152 rellecta·

133 2204 203 2277 tur,
219 2216 306 2262 usum
322 2198 405 2263 hunc
421 2199 452 2261 in
469 2198 542 2280 lege
558 2197 641 2261 civili
657 2190 894 2279 haudquaquam
910 2196 1046 2269 fundari,
1064 2197 1185 2281 quippe
1200 2196 1251 2276 qui,

52 2348 58 2355 -
86 2290 92 2297 ⁵
133 2314 167 2372 nt
184 2306 355 2390 praemissa
381 2305 511 2380 docent,
536 2282 873 2393 legislationiscivilis
899 2323 938 2367 ne
955 2304 1119 2370 obiectum
1138 2288 1251 2388 quiden

35 2432 47 2485 ῃ
64 2492 67 2497 ,
96 2443 98 2447 ’
134 2434 206 2500 esse
222 2417 340 2497 potuit3
366 2421 459 2496 atque
476 2415 522 2477 sic
538 2430 598 2478 nec
614 2432 701 2478 usum
718 2398 906 2498 perlegam,
925 2432 983 2477 nee
1000 2412 1082 2478 banc
1100 2432 1162 2496 per
1177 2413 1250 2477 illnn

133 2523 249 2588 firmari
260 2544 269 2602 3
296 2530 529 2604 consequenter
554 2506 643 2586 usum
661 2525 752 2587 istum
769 2541 827 2587 nec
853 2522 1026 2586 Ecclesiam
1044 2522 1250 2606 llnn'garicam

87 2662 89 2667 ·
109 2641 112 2645 ’
133 2632 284 2715 impedire
304 2649 408 2715 posse,
427 2633 590 2713 quominus
601 2649 658 2714 pro
669 2635 736 2695 iore
748 2631 875 2696 cuilibet
893 2631 1043 2696 Societati
1061 2635 1251 2712 competente

23 2732 26 2739 ’
134 2758 190 2815 ea,
209 2758 287 2821 quae
304 2758 360 2822 per
377 2757 517 2802 errorem
535 2747 728 2814 evenerunt,
757 2739 793 2801 ad
817 2746 934 2802 rectam
951 2740 1098 2801 semitam
1117 2744 1250 2801 revocet.

98 2896 101 2903 ,
132 2850 195 2912 lmo
220 2851 278 2911 lrcc
303 2849 466 2912 Ecclesiae
492 2849 671 2913 Catholicae
696 2852 856 2933 proprium
889 2855 954 2921 est,
989 2848 1074 2931 quod
1101 2852 1250 2932 potestate

46 3026 49 3031 ,
80 2953 82 2957 ’
133 2958 288 3019 instructa
305 2958 344 3019 sit
356 2958 646 3022 seinterrnanimas
665 2959 755 3020 etiam
773 2964 988 3037 tempestatum
998 2946 1162 3037 proeellas
1179 2971 1250 3017 eon-

39 3100 42 3105 ·
128 3064 298 3139 servandi,
324 3081 427 3146 eoque
454 3067 521 3146 ipso
549 3066 675 3145 quasvis
702 3065 762 3127 etsi
781 3064 925 3126 diuturno
951 3080 1010 3126 usu
1037 3063 1251 3145 frequentatas

85 3214 90 3221 ·
133 3173 351 3236 execrationes
369 3173 519 3249 sistendi,
548 3171 751 3251 emendandi,
777 3179 807 3236 et
834 3172 869 3235 nd
896 3172 1080 3254 primigenia
1108 3171 1250 3255 principia

66 3272 69 3279 ’
130 3281 307 3344 revocandi.
832 3288 836 3296 '

218 3387 399 3470 Oppositum
418 3404 539 3470 qnoque
557 3389 633 3452 snit:
658 3389 842 3468 Encyclicas
860 3381 983 3453 nostras
1000 3388 1088 3468 prins
1109 3390 1142 3452 in
1158 3388 1249 3451 lncem

72 3542 75 3547 ·
131 3498 257 3559 emissas
275 3516 357 3571 esse,
375 3515 465 3578 qnam
481 3495 582 3560 llreve
600 3498 792 3561 Pontificium
811 3498 992 3578 appulisset,
1013 3495 1250 3576 consultiusque

129 3604 266 3668 futurum
294 3605 408 3678 luisse,
436 3609 461 3668 si
479 3605 667 3685 Encyolicae
694 3605 783 3670 simul
812 3626 880 3669 cum
897 3601 988 3668 Brevi
1007 3588 1047 3667 ad
1065 3605 1192 3668 Clernm
1208 3603 1250 3665 di·

82 3764 87 3769 .
129 3715 241 3775 missae
269 3715 475 3776 exstitissent.
501 3712 548 3776 Ad
575 3715 654 3776 lranc
680 3717 771 3776 etiam
797 3714 1005 3778 obtectionem
1024 3713 1120 3776 facile
1138 3721 1248 3776 estre-

46 3898 49 3905 ,
129 3819 293 3899 spondere.
319 3821 394 3883 Cum
422 3824 502 3884 enirn
530 3839 593 3884 non
628 3821 889 3898 dubitaverimus,
928 3841 983 3894 ea,
1021 3840 1105 3903 quae
1132 3823 1164 3886 in
1190 3839 1248 3882 me-

126 3927 185 3989 rito
211 3931 376 3991 mixtorum
404 3930 666 3993 matrimoniorum
692 3931 864 3993 ordinaturi
892 3946 1042 4008 erarnnS,
1066 3925 1248 3992 sanctissimi

129 4035 229 4098 Patris
265 4036 527 4100 corrbr·mationem
560 4037 744 4116 obtentura;
778 4056 908 4118 cumque
943 4055 1139 4118 persuasum
1170 4034 1245 4098 nobis

129 4141 241 4213 itrerit,
268 4146 426 4226 obJectnm.
446 4162 594 4209 recursus
622 4146 659 4207 ad
679 4145 769 4208 Suam
797 4146 999 4209 sanctitatem
1017 4148 1048 4208 in
1068 4146 1243 4227 gravissimo

131 4249 191 4308 boc
217 4256 325 4314 merito
354 4257 563 4316 exaratione
590 4255 776 4335 etamplius
816 4272 899 4317 anno
926 4255 983 4316 sub
1010 4253 1245 4335 pertractatione

132 4359 400 4437 constituendum,
441 4361 737 4442 Resolntionemque
776 4365 907 4445 primum
945 4346 1070 4427 tardius
1105 4361 1240 4426 edendam

112 4457 220 4543 ·t0re,
245 4464 363 4527 interea
381 4475 480 4531 autern
499 4468 620 4534 Clernm
638 4477 669 4533 et
685 4470 792 4534 fideles
810 4471 840 4537 io
858 4489 895 4533 rc
912 4469 991 4534 adeo
1010 4470 1124 4553 gravi,
1142 4469 1179 4534 de
1194 4482 1238 4551 qut
