<?xml version="1.0" encoding="UTF-8"?>
<!DOCTYPE html PUBLIC "-//W3C//DTD XHTML 1.0 Transitional//EN"
    "http://www.w3.org/TR/xhtml1/DTD/xhtml1-transitional.dtd">
<html xmlns="http://www.w3.org/1999/xhtml" xml:lang="en" lang="en">
 <head>
  <title>
</title>
<meta http-equiv="Content-Type" content="text/html;charset=utf-8" />
  <meta name='ocr-system' content='tesseract 3.04.00' />
  <meta name='ocr-capabilities' content='ocr_page ocr_carea ocr_par ocr_line ocrx_word'/>
</head>
<body>
  <div class='ocr_page' id='page_1' title='image "./dematrimoniismi00roskgoog_0694.png"; bbox 0 0 2798 4852; ppageno 0'>
   <div class='ocr_carea' id='block_1_1' title="bbox 620 212 940 357">
    <p class='ocr_par' dir='ltr' id='par_1_1' title="bbox 620 202 1096 357">
     <span class='ocr_line' id='line_1_1' title="bbox 620 212 940 357; baseline 0.015 -22"><span class='ocrx_word' id='word_1_1' title='bbox 620 212 875 338; x_wconf 73' lang='lat' dir='ltr'>..cta-</span> <span class='ocrx_word' id='word_1_2' title='bbox 936 289 940 357; x_wconf 82' lang='grc' dir='ltr'>ς</span> 
     </span>
    </p>
   </div>
   <div class='ocr_carea' id='block_1_2' title="bbox 113 450 1388 3911">
    <p class='ocr_par' dir='ltr' id='par_1_2' title="bbox 115 450 1388 3003">
     <span class='ocr_line' id='line_1_2' title="bbox 181 450 1305 547; baseline -0.005 -19"><span class='ocrx_word' id='word_1_3' title='bbox 181 462 339 547; x_wconf 82' lang='lat' dir='ltr'>coniugiis</span> <span class='ocrx_word' id='word_1_4' title='bbox 363 450 608 544; x_wconf 76' lang='lat' dir='ltr'>procreandam</span> <span class='ocrx_word' id='word_1_5' title='bbox 626 456 798 524; x_wconf 86' lang='lat' dir='ltr'>catholicae</span> <span class='ocrx_word' id='word_1_6' title='bbox 818 457 981 542; x_wconf 83' lang='lat' dir='ltr'>religionis</span> <span class='ocrx_word' id='word_1_7' title='bbox 998 457 1162 523; x_wconf 73' lang='lat' dir='ltr'>sanctitate</span> <span class='ocrx_word' id='word_1_8' title='bbox 1179 458 1305 523; x_wconf 91' lang='lat' dir='ltr'>omnino</span> 
     </span>
     <span class='ocr_line' id='line_1_3' title="bbox 182 556 1304 649; baseline -0.004 -12"><span class='ocrx_word' id='word_1_9' title='bbox 182 573 382 637; x_wconf 77' lang='lat' dir='ltr'>educaretur.</span> <span class='ocrx_word' id='word_1_10' title='bbox 406 556 494 644; x_wconf 74' lang='lat' dir='ltr'>¹Qum</span> <span class='ocrx_word' id='word_1_11' title='bbox 520 575 609 632; x_wconf 90' lang='lat' dir='ltr'>certe</span> <span class='ocrx_word' id='word_1_12' title='bbox 626 567 799 631; x_wconf 71' lang='lat' dir='ltr'>&#39;cautiones</span> <span class='ocrx_word' id='word_1_13' title='bbox 824 568 856 631; x_wconf 89' lang='lat' dir='ltr'>in</span> <span class='ocrx_word' id='word_1_14' title='bbox 883 567 951 649; x_wconf 94' lang='lat' dir='ltr'>ipsa</span> <span class='ocrx_word' id='word_1_15' title='bbox 977 566 1111 633; x_wconf 87' lang='lat' dir='ltr'>naturali</span> <span class='ocrx_word' id='word_1_16' title='bbox 1138 584 1175 630; x_wconf 86' lang='lat' dir='ltr'>ac</span> <span class='ocrx_word' id='word_1_17' title='bbox 1198 565 1304 637; x_wconf 79' lang='lat' dir='ltr'>divina</span> 
     </span>
     <span class='ocr_line' id='line_1_4' title="bbox 176 658 1301 763; baseline -0.004 -19"><span class='ocrx_word' id='word_1_18' title='bbox 176 681 254 763; x_wconf 83' lang='lat' dir='ltr'>lege</span> <span class='ocrx_word' id='word_1_19' title='bbox 270 658 456 752; x_wconf 83' lang='lat' dir='ltr'>fundantur,</span> <span class='ocrx_word' id='word_1_20' title='bbox 483 679 513 741; x_wconf 92' lang='lat' dir='ltr'>in</span> <span class='ocrx_word' id='word_1_21' title='bbox 532 694 622 760; x_wconf 91' lang='lat' dir='ltr'>quam</span> <span class='ocrx_word' id='word_1_22' title='bbox 638 675 748 758; x_wconf 89' lang='lat' dir='ltr'>procul</span> <span class='ocrx_word' id='word_1_23' title='bbox 764 676 858 748; x_wconf 87' lang='lat' dir='ltr'>dubio</span> <span class='ocrx_word' id='word_1_24' title='bbox 874 674 1064 757; x_wconf 82' lang='lat' dir='ltr'>grauissime</span> <span class='ocrx_word' id='word_1_25' title='bbox 1082 681 1194 756; x_wconf 90' lang='lat' dir='ltr'>peccat</span> <span class='ocrx_word' id='word_1_26' title='bbox 1210 677 1301 756; x_wconf 89' lang='lat' dir='ltr'>quis-</span> 
     </span>
     <span class='ocr_line' id='line_1_5' title="bbox 180 784 1302 868; baseline -0.001 -18"><span class='ocrx_word' id='word_1_27' title='bbox 180 786 248 868; x_wconf 83' lang='lat' dir='ltr'>quis</span> <span class='ocrx_word' id='word_1_28' title='bbox 265 804 301 850; x_wconf 90' lang='lat' dir='ltr'>se</span> <span class='ocrx_word' id='word_1_29' title='bbox 318 784 368 848; x_wconf 85' lang='lat' dir='ltr'>vel</span> <span class='ocrx_word' id='word_1_30' title='bbox 386 785 525 848; x_wconf 82' lang='lat' dir='ltr'>sobolem</span> <span class='ocrx_word' id='word_1_31' title='bbox 542 784 903 868; x_wconf 81' lang='lat' dir='ltr'>iuluram‘porversionis</span> <span class='ocrx_word' id='word_1_32' title='bbox 919 785 1059 865; x_wconf 90' lang='lat' dir='ltr'>periculo</span> <span class='ocrx_word' id='word_1_33' title='bbox 1077 790 1196 863; x_wconf 81' lang='lat' dir='ltr'>temere</span> <span class='ocrx_word' id='word_1_34' title='bbox 1214 802 1302 849; x_wconf 91' lang='lat' dir='ltr'>com-</span> 
     </span>
     <span class='ocr_line' id='line_1_6' title="bbox 176 890 1300 976; baseline -0.001 -22"><span class='ocrx_word' id='word_1_35' title='bbox 176 896 302 958; x_wconf 90' lang='lat' dir='ltr'>mittit.“</span> <span class='ocrx_word' id='word_1_36' title='bbox 319 891 408 967; x_wconf 84' lang='lat' dir='ltr'>Quod</span> <span class='ocrx_word' id='word_1_37' title='bbox 425 894 559 976; x_wconf 88' lang='lat' dir='ltr'>deniqne</span> <span class='ocrx_word' id='word_1_38' title='bbox 576 896 690 958; x_wconf 82' lang='lat' dir='ltr'>attinet</span> <span class='ocrx_word' id='word_1_39' title='bbox 704 895 867 956; x_wconf 85' lang='lat' dir='ltr'>mixtorum</span> <span class='ocrx_word' id='word_1_40' title='bbox 885 890 1152 956; x_wconf 75' lang='lat' dir='ltr'>matrimoniorum</span> <span class='ocrx_word' id='word_1_41' title='bbox 1169 890 1300 956; x_wconf 89' lang='lat' dir='ltr'>alteram</span> 
     </span>
     <span class='ocr_line' id='line_1_7' title="bbox 176 998 1299 1086; baseline -0.005 -17"><span class='ocrx_word' id='word_1_42' title='bbox 176 1001 306 1069; x_wconf 76' lang='lat' dir='ltr'>formam</span> <span class='ocrx_word' id='word_1_43' title='bbox 333 1005 428 1067; x_wconf 90' lang='lat' dir='ltr'>multo</span> <span class='ocrx_word' id='word_1_44' title='bbox 459 1004 563 1086; x_wconf 80' lang='lat' dir='ltr'>magis</span> <span class='ocrx_word' id='word_1_45' title='bbox 586 1001 829 1086; x_wconf 88' lang='lat' dir='ltr'>deplorandam,</span> <span class='ocrx_word' id='word_1_46' title='bbox 855 998 1006 1083; x_wconf 88' lang='lat' dir='ltr'>siquidem</span> <span class='ocrx_word' id='word_1_47' title='bbox 1029 998 1226 1064; x_wconf 84' lang='lat' dir='ltr'>acatholicus</span> <span class='ocrx_word' id='word_1_48' title='bbox 1251 1001 1299 1064; x_wconf 89' lang='lat' dir='ltr'>vir</span> 
     </span>
     <span class='ocr_line' id='line_1_8' title="bbox 167 1105 1297 1199; baseline -0.008 -22"><span class='ocrx_word' id='word_1_49' title='bbox 167 1115 256 1177; x_wconf 82' lang='lat' dir='ltr'>&#39;citra</span> <span class='ocrx_word' id='word_1_50' title='bbox 278 1107 468 1199; x_wconf 87' lang='lat' dir='ltr'>opportunas</span> <span class='ocrx_word' id='word_1_51' title='bbox 495 1110 532 1174; x_wconf 68' lang='lat' dir='ltr'>et&#39;</span> <span class='ocrx_word' id='word_1_52' title='bbox 553 1113 749 1175; x_wconf 88' lang='lat' dir='ltr'>necessarias</span> <span class='ocrx_word' id='word_1_53' title='bbox 775 1112 937 1173; x_wconf 88' lang='lat' dir='ltr'>cantiones</span> <span class='ocrx_word' id='word_1_54' title='bbox 954 1105 1167 1181; x_wconf 84' lang='lat' dir='ltr'>suasionibus,</span> <span class='ocrx_word' id='word_1_55' title='bbox 1185 1107 1297 1172; x_wconf 84' lang='lat' dir='ltr'>hor-ta-</span> 
     </span>
     <span class='ocr_line' id='line_1_9' title="bbox 174 1210 1297 1301; baseline -0.004 -18"><span class='ocrx_word' id='word_1_56' title='bbox 174 1220 312 1301; x_wconf 84' lang='lat' dir='ltr'>tionibas</span> <span class='ocrx_word' id='word_1_57' title='bbox 339 1227 370 1283; x_wconf 92' lang='lat' dir='ltr'>et</span> <span class='ocrx_word' id='word_1_58' title='bbox 395 1210 558 1285; x_wconf 80' lang='lat' dir='ltr'>conatdrns</span> <span class='ocrx_word' id='word_1_59' title='bbox 593 1220 804 1301; x_wconf 82' lang='lat' dir='ltr'>parochorum</span> <span class='ocrx_word' id='word_1_60' title='bbox 838 1217 1104 1300; x_wconf 83' lang='lat' dir='ltr'>insuperhahitis,</span> <span class='ocrx_word' id='word_1_61' title='bbox 1135 1215 1297 1297; x_wconf 86' lang='lat' dir='ltr'>praefatas</span> 
     </span>
     <span class='ocr_line' id='line_1_10' title="bbox 173 1313 1293 1410; baseline -0.005 -18"><span class='ocrx_word' id='word_1_62' title='bbox 173 1328 372 1394; x_wconf 71' lang='lat' dir='ltr'>conditiones</span> <span class='ocrx_word' id='word_1_63' title='bbox 390 1327 603 1392; x_wconf 82' lang='lat' dir='ltr'>adfirmatione</span> <span class='ocrx_word' id='word_1_64' title='bbox 628 1344 779 1409; x_wconf 83' lang='lat' dir='ltr'>nusquam</span> <span class='ocrx_word' id='word_1_65' title='bbox 795 1325 993 1410; x_wconf 82' lang='lat' dir='ltr'>infringenda</span> <span class='ocrx_word' id='word_1_66' title='bbox 1009 1323 1112 1389; x_wconf 88' lang='lat' dir='ltr'>stabili</span> <span class='ocrx_word' id='word_1_67' title='bbox 1129 1330 1164 1394; x_wconf 79' lang='lat' dir='ltr'>ct,</span> <span class='ocrx_word' id='word_1_68' title='bbox 1176 1313 1293 1387; x_wconf 86' lang='lat' dir='ltr'>incon·</span> 
     </span>
     <span class='ocr_line' id='line_1_11' title="bbox 173 1428 1294 1515; baseline -0.002 -18"><span class='ocrx_word' id='word_1_69' title='bbox 173 1449 267 1498; x_wconf 88' lang='lat' dir='ltr'>cussa</span> <span class='ocrx_word' id='word_1_70' title='bbox 292 1437 528 1515; x_wconf 84' lang='lat' dir='ltr'>procrastinare</span> <span class='ocrx_word' id='word_1_71' title='bbox 550 1428 715 1509; x_wconf 78' lang='lat' dir='ltr'>rideatur,</span> <span class='ocrx_word' id='word_1_72' title='bbox 747 1435 796 1496; x_wconf 87' lang='lat' dir='ltr'>rol</span> <span class='ocrx_word' id='word_1_73' title='bbox 828 1435 953 1498; x_wconf 92' lang='lat' dir='ltr'>omnino</span> <span class='ocrx_word' id='word_1_74' title='bbox 979 1432 1131 1508; x_wconf 79' lang='lat' dir='ltr'>inficiari,</span> <span class='ocrx_word' id='word_1_75' title='bbox 1163 1450 1294 1514; x_wconf 82' lang='lat' dir='ltr'>negare,</span> 
     </span>
     <span class='ocr_line' id='line_1_12' title="bbox 171 1538 1289 1625; baseline -0.001 -21"><span class='ocrx_word' id='word_1_76' title='bbox 171 1543 284 1604; x_wconf 86' lang='lat' dir='ltr'>lactum</span> <span class='ocrx_word' id='word_1_77' title='bbox 311 1549 412 1605; x_wconf 91' lang='lat' dir='ltr'>antem</span> <span class='ocrx_word' id='word_1_78' title='bbox 437 1541 556 1621; x_wconf 89' lang='lat' dir='ltr'>absque</span> <span class='ocrx_word' id='word_1_79' title='bbox 582 1541 740 1625; x_wconf 83' lang='lat' dir='ltr'>gravioris</span> <span class='ocrx_word' id='word_1_80' title='bbox 767 1540 837 1605; x_wconf 86' lang='lat' dir='ltr'>rnali</span> <span class='ocrx_word' id='word_1_81' title='bbox 863 1547 915 1604; x_wconf 89' lang='lat' dir='ltr'>aut</span> <span class='ocrx_word' id='word_1_82' title='bbox 941 1540 1081 1604; x_wconf 84' lang='lat' dir='ltr'>scandali</span> <span class='ocrx_word' id='word_1_83' title='bbox 1097 1538 1239 1619; x_wconf 88' lang='lat' dir='ltr'>periculo</span> <span class='ocrx_word' id='word_1_84' title='bbox 1256 1540 1289 1603; x_wconf 91' lang='lat' dir='ltr'>in</span> 
     </span>
     <span class='ocr_line' id='line_1_13' title="bbox 169 1639 1292 1739; baseline -0.002 -27"><span class='ocrx_word' id='word_1_85' title='bbox 169 1639 333 1732; x_wconf 82' lang='lat' dir='ltr'>religionis</span> <span class='ocrx_word' id='word_1_86' title='bbox 350 1647 567 1713; x_wconf 82' lang='lat' dir='ltr'>detrimentum</span> <span class='ocrx_word' id='word_1_87' title='bbox 583 1649 745 1731; x_wconf 81' lang='lat' dir='ltr'>prohiberi</span> <span class='ocrx_word' id='word_1_88' title='bbox 763 1646 939 1733; x_wconf 87' lang='lat' dir='ltr'>nullatenus</span> <span class='ocrx_word' id='word_1_89' title='bbox 955 1655 1061 1730; x_wconf 85' lang='lat' dir='ltr'>queat,</span> <span class='ocrx_word' id='word_1_90' title='bbox 1092 1649 1166 1739; x_wconf 84' lang='lat' dir='ltr'>quin</span> <span class='ocrx_word' id='word_1_91' title='bbox 1190 1645 1292 1727; x_wconf 89' lang='lat' dir='ltr'>aliquo</span> 
     </span>
     <span class='ocr_line' id='line_1_14' title="bbox 168 1736 1289 1839; baseline -0.004 -19"><span class='ocrx_word' id='word_1_92' title='bbox 168 1755 262 1821; x_wconf 92' lang='lat' dir='ltr'>modo</span> <span class='ocrx_word' id='word_1_93' title='bbox 278 1746 488 1820; x_wconf 81' lang='lat' dir='ltr'>incommune</span> <span class='ocrx_word' id='word_1_94' title='bbox 509 1757 624 1821; x_wconf 89' lang='lat' dir='ltr'>bonum</span> <span class='ocrx_word' id='word_1_95' title='bbox 642 1765 673 1820; x_wconf 86' lang='lat' dir='ltr'>et</span> <span class='ocrx_word' id='word_1_96' title='bbox 689 1756 861 1822; x_wconf 67' lang='lat' dir='ltr'>Ecclesiae⁴</span> <span class='ocrx_word' id='word_1_97' title='bbox 879 1754 1136 1839; x_wconf 86' lang='lat' dir='ltr'>tranquillitatem</span> <span class='ocrx_word' id='word_1_98' title='bbox 1154 1736 1289 1838; x_wconf 82' lang='lat' dir='ltr'>vergere</span> 
     </span>
     <span class='ocr_line' id='line_1_15' title="bbox 146 1859 1291 1947; baseline 0 -21"><span class='ocrx_word' id='word_1_99' title='bbox 146 1859 286 1945; x_wconf 78' lang='lat' dir='ltr'>-possitt</span> <span class='ocrx_word' id='word_1_100' title='bbox 310 1862 459 1947; x_wconf 80' lang='lat' dir='ltr'>„nuptiae</span> <span class='ocrx_word' id='word_1_101' title='bbox 484 1864 717 1940; x_wconf 85' lang='lat' dir='ltr'>huiuscemodi,</span> <span class='ocrx_word' id='word_1_102' title='bbox 745 1864 798 1929; x_wconf 91' lang='grc'>88.</span> <span class='ocrx_word' id='word_1_103' title='bbox 828 1866 919 1928; x_wconf 88' lang='lat' dir='ltr'>Pater</span> <span class='ocrx_word' id='word_1_104' title='bbox 936 1864 1064 1938; x_wconf 87' lang='lat' dir='ltr'>statuit,</span> <span class='ocrx_word' id='word_1_105' title='bbox 1091 1864 1291 1944; x_wconf 84' lang='lat' dir='ltr'>quantumvis</span> 
     </span>
     <span class='ocr_line' id='line_1_16' title="bbox 159 1967 1297 2056; baseline 0.003 -24"><span class='ocrx_word' id='word_1_106' title='bbox 159 1969 294 2034; x_wconf 87' lang='lat' dir='ltr'>&#39;illicitae</span> <span class='ocrx_word' id='word_1_107' title='bbox 311 1989 349 2033; x_wconf 89' lang='lat' dir='ltr'>ac</span> <span class='ocrx_word' id='word_1_108' title='bbox 368 1974 484 2036; x_wconf 82' lang='lat' dir='ltr'>vetitae</span> <span class='ocrx_word' id='word_1_109' title='bbox 511 1989 617 2035; x_wconf 89' lang='lat' dir='ltr'>coram</span> <span class='ocrx_word' id='word_1_110' title='bbox 641 1973 796 2037; x_wconf 87' lang='lat' dir='ltr'>&#39;catholico</span> <span class='ocrx_word' id='word_1_111' title='bbox 824 1972 964 2056; x_wconf 83' lang='lat' dir='ltr'>parocho</span> <span class='ocrx_word' id='word_1_112' title='bbox 993 1972 1212 2046; x_wconf 87' lang='lat' dir='ltr'>celebrentur,</span> <span class='ocrx_word' id='word_1_113' title='bbox 1238 1967 1297 2051; x_wconf 66' lang='lat' dir='ltr'>(poi⁴</span> 
     </span>
     <span class='ocr_line' id='line_1_17' title="bbox 115 2060 1388 2165; baseline 0.002 -23"><span class='ocrx_word' id='word_1_114' title='bbox 115 2060 117 2065; x_wconf 37' lang='lat'><strong>¹</strong></span> <span class='ocrx_word' id='word_1_115' title='bbox 164 2078 217 2142; x_wconf 85' lang='lat' dir='ltr'>vel</span> <span class='ocrx_word' id='word_1_116' title='bbox 235 2077 481 2144; x_wconf 85' lang='lat' dir='ltr'>alins&#39;sacordos</span> <span class='ocrx_word' id='word_1_117' title='bbox 498 2082 565 2144; x_wconf 81' lang='lat' dir='ltr'>eins</span> <span class='ocrx_word' id='word_1_118' title='bbox 583 2083 652 2145; x_wconf 92' lang='lat' dir='ltr'>vice</span> <span class='ocrx_word' id='word_1_119' title='bbox 668 2082 814 2165; x_wconf 81' lang='lat' dir='ltr'>iungens</span> <span class='ocrx_word' id='word_1_120' title='bbox 826 2080 978 2144; x_wconf 86' lang='lat' dir='ltr'>materiali</span> <span class='ocrx_word' id='word_1_121' title='bbox 995 2088 1113 2144; x_wconf 88' lang='lat' dir='ltr'>tantum</span> <span class='ocrx_word' id='word_1_122' title='bbox 1129 2084 1286 2162; x_wconf 83' lang='lat' dir='ltr'>praeson-</span> <span class='ocrx_word' id='word_1_123' title='bbox 1385 2060 1388 2065; x_wconf 22' lang='lat'>¹</span> 
     </span>
     <span class='ocr_line' id='line_1_18' title="bbox 126 2186 1345 2281; baseline 0.004 -35"><span class='ocrx_word' id='word_1_124' title='bbox 126 2186 224 2260; x_wconf 78' lang='lat' dir='ltr'>I‘tia,</span> <span class='ocrx_word' id='word_1_125' title='bbox 242 2186 837 2269; x_wconf 77' lang='lat' dir='ltr'>exclusoquovis&#39;eoolesiustico-ritu</span> <span class='ocrx_word' id='word_1_126' title='bbox 863 2189 977 2254; x_wconf 90' lang='lat' dir='ltr'>adesse</span> <span class='ocrx_word' id='word_1_127' title='bbox 1002 2195 1127 2281; x_wconf 86' lang='lat' dir='ltr'>potest,</span> <span class='ocrx_word' id='word_1_128' title='bbox 1155 2187 1287 2270; x_wconf 77' lang='lat' dir='ltr'>perinde</span> <span class='ocrx_word' id='word_1_129' title='bbox 1344 2266 1345 2270; x_wconf 7' lang='grc' dir='ltr'><strong>Ἰ</strong></span> 
     </span>
     <span class='ocr_line' id='line_1_19' title="bbox 160 2287 1283 2380; baseline 0.004 -24"><span class='ocrx_word' id='word_1_130' title='bbox 160 2308 198 2356; x_wconf 90' lang='lat' dir='ltr'>ae</span> <span class='ocrx_word' id='word_1_131' title='bbox 215 2295 242 2358; x_wconf 91' lang='lat' dir='ltr'>si</span> <span class='ocrx_word' id='word_1_132' title='bbox 269 2287 375 2378; x_wconf 85' lang='lat' dir='ltr'>partes</span> <span class='ocrx_word' id='word_1_133' title='bbox 401 2304 523 2380; x_wconf 79' lang='lat' dir='ltr'>ageret</span> <span class='ocrx_word' id='word_1_134' title='bbox 538 2301 616 2365; x_wconf 89' lang='lat' dir='ltr'>meri</span> <span class='ocrx_word' id='word_1_135' title='bbox 642 2303 752 2376; x_wconf 88' lang='lat' dir='ltr'>testis,</span> <span class='ocrx_word' id='word_1_136' title='bbox 780 2307 812 2362; x_wconf 90' lang='lat' dir='ltr'>et</span> <span class='ocrx_word' id='word_1_137' title='bbox 830 2301 993 2380; x_wconf 87' lang='lat' dir='ltr'>utriusque</span> <span class='ocrx_word' id='word_1_138' title='bbox 1011 2298 1160 2380; x_wconf 84' lang='lat' dir='ltr'>coniugis</span> <span class='ocrx_word' id='word_1_139' title='bbox 1175 2296 1283 2361; x_wconf 92' lang='lat' dir='ltr'>audito</span> 
     </span>
     <span class='ocr_line' id='line_1_20' title="bbox 150 2396 1280 2490; baseline 0.003 -26"><span class='ocrx_word' id='word_1_140' title='bbox 150 2396 597 2490; x_wconf 48' lang='lat' dir='ltr'>donicum,“deinceps-&#39;pro</span> <span class='ocrx_word' id='word_1_141' title='bbox 622 2424 679 2472; x_wconf 89' lang='lat' dir='ltr'>suo</span> <span class='ocrx_word' id='word_1_142' title='bbox 706 2407 808 2473; x_wconf 87' lang='lat' dir='ltr'>ollrcio</span> <span class='ocrx_word' id='word_1_143' title='bbox 835 2400 1151 2472; x_wconf 84' lang='lat' dir='ltr'>in&#39;matrimoniorum</span> <span class='ocrx_word' id='word_1_144' title='bbox 1167 2405 1280 2469; x_wconf 83' lang='lat' dir='ltr'>librum</span> 
     </span>
     <span class='ocr_line' id='line_1_21' title="bbox 156 2504 1276 2597; baseline 0.002 -24"><span class='ocrx_word' id='word_1_145' title='bbox 156 2504 259 2574; x_wconf 78' lang='lat' dir='ltr'>a&#39;c&#39;tum</span> <span class='ocrx_word' id='word_1_146' title='bbox 285 2511 389 2575; x_wconf 80' lang='lat' dir='ltr'>aalide</span> <span class='ocrx_word' id='word_1_147' title='bbox 414 2519 538 2595; x_wconf 82' lang='lat' dir='ltr'>gestum</span> <span class='ocrx_word' id='word_1_148' title='bbox 564 2515 713 2579; x_wconf 81' lang='lat' dir='ltr'>reterat.“</span> <span class='ocrx_word' id='word_1_149' title='bbox 737 2518 855 2581; x_wconf 87' lang='lat' dir='ltr'>Diebus</span> <span class='ocrx_word' id='word_1_150' title='bbox 881 2516 973 2580; x_wconf 88' lang='lat' dir='ltr'>huius</span> <span class='ocrx_word' id='word_1_151' title='bbox 999 2516 1128 2597; x_wconf 81' lang='lat' dir='ltr'>generis</span> <span class='ocrx_word' id='word_1_152' title='bbox 1153 2512 1276 2594; x_wconf 87' lang='lat' dir='ltr'>nuptias</span> 
     </span>
     <span class='ocr_line' id='line_1_22' title="bbox 146 2618 1294 2708; baseline 0.002 -27"><span class='ocrx_word' id='word_1_153' title='bbox 146 2618 419 2707; x_wconf 78' lang='lat' dir='ltr'>praecedentibus</span> <span class='ocrx_word' id='word_1_154' title='bbox 444 2629 632 2704; x_wconf 84' lang='lat' dir='ltr'>opportunas</span> <span class='ocrx_word' id='word_1_155' title='bbox 658 2627 819 2689; x_wconf 85' lang='lat' dir='ltr'>cantiones</span> <span class='ocrx_word' id='word_1_156' title='bbox 845 2643 939 2708; x_wconf 87' lang='lat' dir='ltr'>snpra</span> <span class='ocrx_word' id='word_1_157' title='bbox 955 2623 1136 2706; x_wconf 82' lang='lat' dir='ltr'>indigitatas</span> <span class='ocrx_word' id='word_1_158' title='bbox 1164 2623 1294 2689; x_wconf 63' lang='lat' dir='ltr'>catho-</span> 
     </span>
     <span class='ocr_line' id='line_1_23' title="bbox 153 2723 1281 2813; baseline 0.004 -26"><span class='ocrx_word' id='word_1_159' title='bbox 153 2723 332 2813; x_wconf 72' lang='lat' dir='ltr'>licueparti</span> <span class='ocrx_word' id='word_1_160' title='bbox 350 2731 440 2791; x_wconf 86' lang='lat' dir='ltr'>etiam</span> <span class='ocrx_word' id='word_1_161' title='bbox 466 2737 559 2811; x_wconf 88' lang='lat' dir='ltr'>atque</span> <span class='ocrx_word' id='word_1_162' title='bbox 587 2733 680 2794; x_wconf 84' lang='lat' dir='ltr'>etiam</span> <span class='ocrx_word' id='word_1_163' title='bbox 706 2733 839 2795; x_wconf 90' lang='lat' dir='ltr'>Parochi</span> <span class='ocrx_word' id='word_1_164' title='bbox 868 2733 907 2794; x_wconf 89' lang='lat' dir='ltr'>ad</span> <span class='ocrx_word' id='word_1_165' title='bbox 934 2728 1281 2795; x_wconf 84' lang='lat' dir='ltr'>animumrevocandas</span> 
     </span>
     <span class='ocr_line' id='line_1_24' title="bbox 136 2826 1276 2919; baseline 0.012 -29.187"><span class='ocrx_word' id='word_1_166' title='bbox 136 2838 328 2907; x_wconf 80' lang='lat' dir='ltr'>conentur,</span> <span class='ocrx_word' id='word_1_167' title='bbox 353 2851 414 2913; x_wconf 83' lang='lat' dir='ltr'>qao</span> <span class='ocrx_word' id='word_1_168' title='bbox 440 2839 593 2914; x_wconf 76' lang='lat' dir='ltr'>magtsm</span> <span class='ocrx_word' id='word_1_169' title='bbox 620 2855 696 2900; x_wconf 87' lang='lat' dir='ltr'>saue</span> <span class='ocrx_word' id='word_1_170' title='bbox 722 2826 952 2918; x_wconf 87' lang='lat' dir='ltr'>conscientiae,</span> <span class='ocrx_word' id='word_1_171' title='bbox 982 2837 1171 2919; x_wconf 84' lang='lat' dir='ltr'>etpublioae</span> <span class='ocrx_word' id='word_1_172' title='bbox 1188 2836 1276 2903; x_wconf 91' lang='lat' dir='ltr'>utili-</span> 
     </span>
     <span class='ocr_line' id='line_1_25' title="bbox 158 2934 1063 3003; baseline 0.003 -5"><span class='ocrx_word' id='word_1_173' title='bbox 158 2934 220 2998; x_wconf 89' lang='lat' dir='ltr'>tati</span> <span class='ocrx_word' id='word_1_174' title='bbox 237 2939 411 3003; x_wconf 87' lang='lat' dir='ltr'>consulant.</span> <span class='ocrx_word' id='word_1_175' title='bbox 1060 2997 1063 3001; x_wconf 86' lang='lat'>.</span> 
     </span>
    </p>

    <p class='ocr_par' dir='ltr' id='par_1_3' title="bbox 113 3045 1348 3896">
     <span class='ocr_line' id='line_1_26' title="bbox 179 3045 1278 3132; baseline 0.008 -25.495"><span class='ocrx_word' id='word_1_176' title='bbox 179 3045 385 3112; x_wconf 83' lang='lat' dir='ltr'>Ceterum</span> <span class='ocrx_word' id='word_1_177' title='bbox 402 3049 598 3132; x_wconf 88' lang='lat' dir='ltr'>perviscera</span> <span class='ocrx_word' id='word_1_178' title='bbox 615 3054 692 3116; x_wconf 87' lang='lat' dir='ltr'>lesu</span> <span class='ocrx_word' id='word_1_179' title='bbox 709 3051 834 3126; x_wconf 78' lang='lat' dir='ltr'>Christi,</span> <span class='ocrx_word' id='word_1_180' title='bbox 852 3055 941 3118; x_wconf 82' lang='lat' dir='ltr'>errius</span> <span class='ocrx_word' id='word_1_181' title='bbox 958 3053 1140 3121; x_wconf 70' lang='lat' dir='ltr'>vicarium</span> <span class='ocrx_word' id='word_1_182' title='bbox 1132 3051 1278 3116; x_wconf 84' lang='lat' dir='ltr'>interris</span> 
     </span>
     <span class='ocr_line' id='line_1_27' title="bbox 113 3150 1348 3246; baseline 0.009 -32"><span class='ocrx_word' id='word_1_183' title='bbox 113 3150 307 3237; x_wconf 28' lang='lat' dir='ltr'>,numanus</span> <span class='ocrx_word' id='word_1_184' title='bbox 334 3154 475 3220; x_wconf 82' lang='lat' dir='ltr'>Pontile&#39;x</span> <span class='ocrx_word' id='word_1_185' title='bbox 501 3161 603 3241; x_wconf 80' lang='lat' dir='ltr'>gerit,</span> <span class='ocrx_word' id='word_1_186' title='bbox 628 3178 689 3223; x_wconf 86' lang='lat' dir='ltr'>utta</span> <span class='ocrx_word' id='word_1_187' title='bbox 711 3180 785 3226; x_wconf 90' lang='lat' dir='ltr'>cum</span> <span class='ocrx_word' id='word_1_188' title='bbox 802 3160 918 3225; x_wconf 88' lang='lat' dir='ltr'>Eodem</span> <span class='ocrx_word' id='word_1_189' title='bbox 936 3168 1000 3226; x_wconf 87' lang='lat' dir='ltr'>tota</span> <span class='ocrx_word' id='word_1_190' title='bbox 1027 3180 1120 3225; x_wconf 90' lang='lat' dir='ltr'>annm</span> <span class='ocrx_word' id='word_1_191' title='bbox 1137 3167 1274 3225; x_wconf 90' lang='lat' dir='ltr'>conten</span> <span class='ocrx_word' id='word_1_192' title='bbox 1339 3229 1348 3246; x_wconf 56' lang='grc'><em>,</em></span> 
     </span>
     <span class='ocr_line' id='line_1_28' title="bbox 117 3250 1273 3359; baseline 0.007 -32"><span class='ocrx_word' id='word_1_193' title='bbox 117 3250 238 3359; x_wconf 51' lang='lat' dir='ltr'>idione</span> <span class='ocrx_word' id='word_1_194' title='bbox 255 3258 446 3329; x_wconf 85' lang='lat' dir='ltr'>obtestamur</span> <span class='ocrx_word' id='word_1_195' title='bbox 458 3311 472 3357; x_wconf 27' lang='grc' dir='ltr'>,Ι</span> <span class='ocrx_word' id='word_1_196' title='bbox 491 3274 523 3330; x_wconf 89' lang='lat' dir='ltr'>ut</span> <span class='ocrx_word' id='word_1_197' title='bbox 541 3268 614 3332; x_wconf 92' lang='lat' dir='ltr'>nihil</span> <span class='ocrx_word' id='word_1_198' title='bbox 627 3255 1107 3350; x_wconf 75' lang='lat' dir='ltr'>intentatumpraetermittatis,</span> <span class='ocrx_word' id='word_1_199' title='bbox 1135 3270 1165 3332; x_wconf 92' lang='lat' dir='ltr'>id</span> <span class='ocrx_word' id='word_1_200' title='bbox 1183 3287 1273 3335; x_wconf 92' lang='lat' dir='ltr'>omne</span> 
     </span>
     <span class='ocr_line' id='line_1_29' title="bbox 136 3362 1275 3463; baseline 0.011 -33"><span class='ocrx_word' id='word_1_201' title='bbox 136 3362 183 3431; x_wconf 74' lang='lat' dir='ltr'>‘in</span> <span class='ocrx_word' id='word_1_202' title='bbox 217 3366 277 3432; x_wconf 81' lang='lat' dir='ltr'>tam</span> <span class='ocrx_word' id='word_1_203' title='bbox 298 3372 399 3449; x_wconf 79' lang='lat' dir='ltr'>&#39;graui</span> <span class='ocrx_word' id='word_1_204' title='bbox 440 3378 580 3458; x_wconf 81' lang='lat' dir='ltr'>negotio</span> <span class='ocrx_word' id='word_1_205' title='bbox 599 3362 719 3461; x_wconf 71' lang='lat' dir='ltr'>apere,</span> <span class='ocrx_word' id='word_1_206' title='bbox 771 3379 852 3460; x_wconf 87' lang='lat' dir='ltr'>quod</span> <span class='ocrx_word' id='word_1_207' title='bbox 878 3374 1043 3460; x_wconf 91' lang='lat' dir='ltr'>implorato</span> <span class='ocrx_word' id='word_1_208' title='bbox 1076 3376 1105 3442; x_wconf 83' lang='lat' dir='ltr'>S.</span> <span class='ocrx_word' id='word_1_209' title='bbox 1141 3379 1275 3463; x_wconf 86' lang='lat' dir='ltr'>Spiritus</span> 
     </span>
     <span class='ocr_line' id='line_1_30' title="bbox 136 3470 1274 3568; baseline 0.013 -34"><span class='ocrx_word' id='word_1_210' title='bbox 136 3470 286 3563; x_wconf 77' lang='lat' dir='ltr'>lumine,</span> <span class='ocrx_word' id='word_1_211' title='bbox 312 3479 492 3546; x_wconf 76' lang='lat' dir='ltr'>istiusmodi:</span> <span class='ocrx_word' id='word_1_212' title='bbox 507 3482 561 3547; x_wconf 88' lang='lat' dir='ltr'>tini</span> <span class='ocrx_word' id='word_1_213' title='bbox 589 3487 776 3548; x_wconf 88' lang='lat' dir='ltr'>censueritis</span> <span class='ocrx_word' id='word_1_214' title='bbox 793 3483 1007 3566; x_wconf 65' lang='lat' dir='ltr'>respondere,</span> <span class='ocrx_word' id='word_1_215' title='bbox 1031 3489 1063 3550; x_wconf 89' lang='lat' dir='ltr'>id</span> <span class='ocrx_word' id='word_1_216' title='bbox 1080 3488 1274 3568; x_wconf 88' lang='lat' dir='ltr'>potissimum</span> 
     </span>
     <span class='ocr_line' id='line_1_31' title="bbox 135 3582 1273 3679; baseline 0.014 -37.101"><span class='ocrx_word' id='word_1_217' title='bbox 135 3582 330 3673; x_wconf 86' lang='lat' dir='ltr'>amoveatis,</span> <span class='ocrx_word' id='word_1_218' title='bbox 343 3588 450 3651; x_wconf 84' lang='lat' dir='ltr'>netuli</span> <span class='ocrx_word' id='word_1_219' title='bbox 463 3586 652 3656; x_wconf 80' lang='lat' dir='ltr'>tolerantiae</span> <span class='ocrx_word' id='word_1_220' title='bbox 668 3597 814 3658; x_wconf 82' lang='lat' dir='ltr'>rationo</span> <span class='ocrx_word' id='word_1_221' title='bbox 806 3614 837 3659; x_wconf 93' lang='lat' dir='ltr'>m</span> <span class='ocrx_word' id='word_1_222' title='bbox 855 3595 1011 3659; x_wconf 88' lang='lat' dir='ltr'>catholico</span> <span class='ocrx_word' id='word_1_223' title='bbox 1028 3596 1144 3679; x_wconf 89' lang='lat' dir='ltr'>populo</span> <span class='ocrx_word' id='word_1_224' title='bbox 1160 3597 1273 3661; x_wconf 87' lang='lat' dir='ltr'>remit·</span> 
     </span>
     <span class='ocr_line' id='line_1_32' title="bbox 132 3667 1271 3785; baseline 0.02 -36.199"><span class='ocrx_word' id='word_1_225' title='bbox 132 3667 231 3750; x_wconf 69' lang='lat' dir='ltr'>tatur</span> <span class='ocrx_word' id='word_1_226' title='bbox 247 3689 413 3756; x_wconf 78' lang='lat' dir='ltr'>canonum·</span> <span class='ocrx_word' id='word_1_227' title='bbox 417 3693 524 3771; x_wconf 84' lang='lat' dir='ltr'>linea,</span> <span class='ocrx_word' id='word_1_228' title='bbox 526 3688 617 3762; x_wconf 86' lang='lat' dir='ltr'>talia</span> <span class='ocrx_word' id='word_1_229' title='bbox 632 3702 824 3767; x_wconf 86' lang='lat' dir='ltr'>matrimonia</span> <span class='ocrx_word' id='word_1_230' title='bbox 846 3703 1085 3785; x_wconf 90' lang='lat' dir='ltr'>detestantium,</span> <span class='ocrx_word' id='word_1_231' title='bbox 1104 3725 1186 3770; x_wconf 88' lang='lat' dir='ltr'>neve</span> <span class='ocrx_word' id='word_1_232' title='bbox 1201 3707 1271 3771; x_wconf 89' lang='lat' dir='ltr'>ire-</span> 
     </span>
     <span class='ocr_line' id='line_1_33' title="bbox 135 3792 1265 3911; baseline 0.016 -53.096"><span class='ocrx_word' id='word_1_233' title='bbox 135 3792 289 3876; x_wconf 72' lang='lat' dir='ltr'>quentia</span> <span class='ocrx_word' id='word_1_234' title='bbox 305 3799 412 3862; x_wconf 80' lang='lat' dir='ltr'>eorum</span> <span class='ocrx_word' id='word_1_235' title='bbox 443 3800 563 3868; x_wconf 83' lang='lat' dir='ltr'>limites</span> <span class='ocrx_word' id='word_1_236' title='bbox 591 3809 843 3911; x_wconf 80' lang='lat' dir='ltr'>transgrediatur</span> <span class='ocrx_word' id='word_1_237' title='bbox 877 3815 1020 3896; x_wconf 81' lang='lat' dir='ltr'>urgentis</span> <span class='ocrx_word' id='word_1_238' title='bbox 1055 3815 1265 3892; x_wconf 81' lang='lat' dir='ltr'>necessitatis,</span> 
     </span>
    </p>
   </div>
   <div class='ocr_carea' id='block_1_3' title="bbox 133 3900 1381 3992">
    <p class='ocr_par' dir='ltr' id='par_1_4' title="bbox 133 3900 1381 3992">
     <span class='ocr_line' id='line_1_34' title="bbox 133 3900 1381 3992; baseline 0.022 -29.152"><span class='ocrx_word' id='word_1_239' title='bbox 133 3900 343 3986; x_wconf 69' lang='lat' dir='ltr'>eiectatque</span> <span class='ocrx_word' id='word_1_240' title='bbox 352 3906 417 3972; x_wconf 88' lang='grc'>8.</span> <span class='ocrx_word' id='word_1_241' title='bbox 414 3909 535 3976; x_wconf 52' lang='lat' dir='ltr'>“Mater</span> <span class='ocrx_word' id='word_1_242' title='bbox 564 3913 706 3980; x_wconf 87' lang='lat' dir='ltr'>Ecclesia</span> <span class='ocrx_word' id='word_1_243' title='bbox 747 3936 871 3984; x_wconf 91' lang='lat' dir='ltr'>suarum</span> <span class='ocrx_word' id='word_1_244' title='bbox 902 3923 1071 3986; x_wconf 89' lang='lat' dir='ltr'>animarum</span> <span class='ocrx_word' id='word_1_245' title='bbox 1102 3924 1267 3987; x_wconf 89' lang='lat' dir='ltr'>iacturam.</span> <span class='ocrx_word' id='word_1_246' title='bbox 1340 3988 1343 3992; x_wconf 67' lang='lat'>‚</span> <span class='ocrx_word' id='word_1_247' title='bbox 1378 3920 1381 3927; x_wconf 74' lang='grc'>’</span> 
     </span>
    </p>
   </div>
   <div class='ocr_carea' id='block_1_4' title="bbox 113 4004 1350 4341">
    <p class='ocr_par' dir='ltr' id='par_1_5' title="bbox 119 4004 1350 4341">
     <span class='ocr_line' id='line_1_35' title="bbox 119 4004 1268 4112; baseline 0.018 -40"><span class='ocrx_word' id='word_1_248' title='bbox 119 4010 249 4084; x_wconf 66' lang='lat' dir='ltr'>³⁵Qttare</span> <span class='ocrx_word' id='word_1_249' title='bbox 267 4016 447 4083; x_wconf 91' lang='lat' dir='ltr'>eorumdem</span> <span class='ocrx_word' id='word_1_250' title='bbox 465 4004 647 4092; x_wconf 72' lang='lat' dir='ltr'>antistitum</span> <span class='ocrx_word' id='word_1_251' title='bbox 664 4035 696 4089; x_wconf 86' lang='lat' dir='ltr'>et</span> <span class='ocrx_word' id='word_1_252' title='bbox 712 4028 884 4094; x_wconf 83' lang='lat' dir='ltr'>Parochum</span> <span class='ocrx_word' id='word_1_253' title='bbox 899 4030 967 4103; x_wconf 89' lang='lat' dir='ltr'>erit,</span> <span class='ocrx_word' id='word_1_254' title='bbox 985 4033 1030 4094; x_wconf 92' lang='lat' dir='ltr'>sic</span> <span class='ocrx_word' id='word_1_255' title='bbox 1047 4032 1111 4095; x_wconf 82' lang='lat' dir='ltr'>finit</span> <span class='ocrx_word' id='word_1_256' title='bbox 1126 4031 1268 4112; x_wconf 79' lang='lat' dir='ltr'>Aposto-</span> 
     </span>
     <span class='ocr_line' id='line_1_36' title="bbox 113 4114 1267 4226; baseline 0.024 -47.684"><span class='ocrx_word' id='word_1_257' title='bbox 113 4114 204 4180; x_wconf 71' lang='lat' dir='ltr'>‘lica</span> <span class='ocrx_word' id='word_1_258' title='bbox 226 4121 414 4199; x_wconf 87' lang='lat' dir='ltr'>admonitio,</span> <span class='ocrx_word' id='word_1_259' title='bbox 439 4130 470 4193; x_wconf 87' lang='lat' dir='ltr'>in</span> <span class='ocrx_word' id='word_1_260' title='bbox 487 4132 669 4198; x_wconf 85' lang='lat' dir='ltr'>erudiendis</span> <span class='ocrx_word' id='word_1_261' title='bbox 694 4140 762 4200; x_wconf 86' lang='lat' dir='ltr'>sive</span> <span class='ocrx_word' id='word_1_262' title='bbox 788 4141 934 4222; x_wconf 88' lang='lat' dir='ltr'>privatim</span> <span class='ocrx_word' id='word_1_263' title='bbox 953 4144 1032 4205; x_wconf 88' lang='lat' dir='ltr'>sive</span> <span class='ocrx_word' id='word_1_264' title='bbox 1037 4143 1161 4226; x_wconf 89' lang='lat' dir='ltr'>publice</span> <span class='ocrx_word' id='word_1_265' title='bbox 1188 4142 1267 4206; x_wconf 81' lang='lat' dir='ltr'>side-</span> 
     </span>
     <span class='ocr_line' id='line_1_37' title="bbox 124 4224 1350 4341; baseline 0.028 -54.535"><span class='ocrx_word' id='word_1_266' title='bbox 124 4224 239 4288; x_wconf 73' lang='lat' dir='ltr'>ithus</span> <span class='ocrx_word' id='word_1_267' title='bbox 252 4228 482 4314; x_wconf 77' lang='lat' dir='ltr'>flagrantiori&#39;</span> <span class='ocrx_word' id='word_1_268' title='bbox 473 4259 504 4302; x_wconf 94' lang='lat' dir='ltr'>m</span> <span class='ocrx_word' id='word_1_269' title='bbox 535 4246 694 4322; x_wconf 89' lang='lat' dir='ltr'>posterum</span> <span class='ocrx_word' id='word_1_270' title='bbox 728 4249 797 4312; x_wconf 88' lang='lat' dir='ltr'>zelo</span> <span class='ocrx_word' id='word_1_271' title='bbox 824 4251 996 4316; x_wconf 87' lang='lat' dir='ltr'>doctrinam</span> <span class='ocrx_word' id='word_1_272' title='bbox 1015 4262 1045 4318; x_wconf 92' lang='lat' dir='ltr'>et</span> <span class='ocrx_word' id='word_1_273' title='bbox 1064 4257 1154 4341; x_wconf 82' lang='lat' dir='ltr'>leges</span> <span class='ocrx_word' id='word_1_274' title='bbox 1173 4259 1211 4322; x_wconf 90' lang='lat' dir='ltr'>ad</span> <span class='ocrx_word' id='word_1_275' title='bbox 1229 4276 1266 4320; x_wconf 85' lang='lat' dir='ltr'>ea</span> <span class='ocrx_word' id='word_1_276' title='bbox 1347 4272 1350 4278; x_wconf 81' lang='grc'><em>“</em></span> 
     </span>
    </p>
   </div>
   <div class='ocr_carea' id='block_1_5' title="bbox 143 4339 1265 4533">
    <p class='ocr_par' dir='ltr' id='par_1_6' title="bbox 143 4339 1265 4533">
     <span class='ocr_line' id='line_1_38' title="bbox 151 4339 1265 4446; baseline 0.039 -52"><span class='ocrx_word' id='word_1_277' title='bbox 151 4339 307 4400; x_wconf 88' lang='lat' dir='ltr'>connubia</span> <span class='ocrx_word' id='word_1_278' title='bbox 333 4343 523 4422; x_wconf 90' lang='lat' dir='ltr'>pertinentes</span> <span class='ocrx_word' id='word_1_279' title='bbox 540 4369 794 4430; x_wconf 89' lang='lat' dir='ltr'>commemorare,</span> <span class='ocrx_word' id='word_1_280' title='bbox 815 4370 1052 4446; x_wconf 87' lang='lat' dir='ltr'>accuratamqoe</span> <span class='ocrx_word' id='word_1_281' title='bbox 1069 4372 1188 4436; x_wconf 89' lang='lat' dir='ltr'>illarum</span> <span class='ocrx_word' id='word_1_282' title='bbox 1207 4392 1265 4437; x_wconf 90' lang='lat' dir='ltr'>cu-</span> 
     </span>
     <span class='ocr_line' id='line_1_39' title="bbox 143 4443 831 4533; baseline 0.042 -30"><span class='ocrx_word' id='word_1_283' title='bbox 143 4443 298 4507; x_wconf 85' lang='lat' dir='ltr'>stodiarn&#39;</span> <span class='ocrx_word' id='word_1_284' title='bbox 291 4450 485 4533; x_wconf 85' lang='lat' dir='ltr'>miongere</span> <span class='ocrx_word' id='word_1_285' title='bbox 493 4488 531 4502; x_wconf 82' lang='lat'>—-</span> <span class='ocrx_word' id='word_1_286' title='bbox 640 4486 643 4491; x_wconf 52' lang='lat'><strong>⁴</strong></span> <span class='ocrx_word' id='word_1_287' title='bbox 829 4488 831 4493; x_wconf 69' lang='grc'>’</span> 
     </span>
    </p>
   </div>
   <div class='ocr_carea' id='block_1_6' title="bbox 0 0 1404 4852">
    <p class='ocr_par' dir='ltr' id='par_1_7' title="bbox 0 0 1404 4852">
     <span class='ocr_line' id='line_1_40' title="bbox 0 0 1404 4852; baseline 0 12"><span class='ocrx_word' id='word_1_288' title='bbox 0 0 1404 4852; x_wconf 95' lang='lat' dir='ltr'> </span> 
     </span>
    </p>
   </div>
  </div>
 </body>
</html>
