2798 4852
500 280 725 354 -509-

45 491 141 556 quam
160 474 191 535 in
208 473 420 538 contractibus
438 475 711 538 matrimonialibus
739 476 824 539 velut
848 474 928 540 ritus
954 495 1046 541 sacer
1062 480 1174 544 exclu·
1286 466 1291 472 ’

44 583 116 644 sire
133 579 171 642 ad
188 576 349 644 Ecclesiae
368 582 589 664 proprietatem
608 584 754 666 pertinet,
782 582 946 664 civilisque
963 585 1173 669 legislationis

45 688 207 753 obiectum
224 704 296 749 esse
311 688 421 770 nequit
432 716 445 762 ‚·
468 688 538 769 quia
564 704 659 770 porro
686 689 738 752 lex
763 688 827 751 26:
862 687 979 769 lieth
998 686 1123 756 nonnisi
1141 692 1173 754 id
1201 684 1208 700 ‘

25 806 30 816 ·
48 792 200 877 disponit,
215 801 248 856 ut
265 802 351 858 matr.
369 798 461 858 mixta
479 813 584 859 coram
601 798 747 876 parochis
764 795 928 860 catholicis
944 800 1108 871 ineantur,
1135 797 1173 860 de

43 902 161 965 ritibus
180 909 282 966 autem
310 921 346 964 ea
373 905 543 966 occasione
569 902 753 966 adhibendis
780 904 872 966 altum
890 903 979 975 silet,
1011 906 1081 985 quia
1099 903 1171 966 item

44 1016 137 1072 matr.
157 1009 252 1072 mixta
279 1026 383 1071 coram
399 1011 537 1095 parocbq
563 1018 595 1072 et
618 1010 780 1092 requisitis
806 1011 937 1074 testibus
963 1030 1020 1092 per
1036 1010 1165 1073 liberem

47 1106 148 1179 mutui
166 1116 195 1178 in
214 1118 439 1180 matrimonium
452 1134 627 1181 consensus
639 1118 885 1182 declarationem
896 1118 969 1182 inita
983 1120 1095 1202 (prout
1109 1119 1171 1179 hoc

42 1223 260 1305 legisqnoque
270 1225 441 1304 proiectum
454 1216 640 1309 asprioribus
652 1225 788 1290 comitiis
800 1226 919 1308 Regiae
931 1225 1082 1288 sanctioni
1095 1225 1173 1287 sub-

32 1332 182 1393 stratum
199 1328 317 1402 innuit)
344 1338 374 1391 et
391 1330 608 1394 ecclesiastico
635 1339 666 1394 et
682 1332 810 1412 politico
825 1339 973 1414 respectu
991 1326 1170 1395 omnimode

44 1432 152 1498 valida
170 1443 201 1498 et
212 1438 659 1522 proprietatibusreliquornm
670 1424 890 1502 contractuum
902 1437 1172 1501 matrimonialium

43 1540 188 1623 praedita
208 1545 367 1617 existunt,
393 1547 464 1626 quia
492 1545 627 1628 denique
644 1548 841 1612 consuetudo
857 1544 1064 1610 benedicendi
1081 1550 1171 1606 matr.

44 1650 143 1712 mixta
161 1648 232 1712 inde
250 1669 266 1711 a
283 1651 356 1734 lege
373 1652 434 1713 26:
465 1650 582 1731 179⁰!1.
600 1656 791 1736 usuveniens
807 1661 962 1734 tamqnam
979 1654 1072 1715 ritum
1089 1667 1173 1712 ancre

45 1755 300 1820 ecclesiasticum
319 1758 416 1822 instar
432 1760 700 1841 interpretationis
728 1760 809 1842 legis
838 1759 938 1823 civilis
963 1759 1075 1820 haberi
1092 1756 1173 1819 haud
1214 1826 1225 1845 ⁸

45 1869 177 1940 potest:
195 1866 296 1927 —ita
316 1874 346 1928 ct
363 1885 461 1940 nunc,
479 1866 548 1929 dum
566 1868 604 1930 de
622 1866 793 1948 linopclica
811 1867 954 1930 Primatis
979 1872 1175 1927 ceterorum·

45 1972 110 2051 qne'
127 1969 230 2054 Regni
248 1972 427 2036 Praesulum
445 1962 531 2038 iuxta
550 1977 751 2057 ipsorummet
762 1972 900 2035 Statuam
918 1988 954 2034 ac
966 1968 1029 2032 00.
1043 1969 1175 2032 contes-

45 2077 170 2139 sionem
196 2077 385 2158 Encyclicae
411 2077 486 2162 Eppi
512 2066 763 2142 ldVavadinensis
790 2094 920 2160 prorsus
947 2074 1037 2139 simili
1067 2091 1171 2137 sermo

45 2183 235 2256 est‚·iisdem
254 2204 294 2249 ex
309 2187 485 2251 rationibus
502 2187 614 2252 nullam
631 2186 711 2270 legis
728 2186 899 2250 laesionem
917 2183 1099 2248 subversori
1115 2179 1173 2242 lir-

45 2292 142 2354 vhiter
168 2300 313 2369 teneant,
341 2313 378 2356 ac
404 2294 534 2374 proinde
564 2278 769 2357 manifestatis
795 2310 852 2373 per
870 2290 923 2355 SS.
942 2297 973 2354 et
990 2286 1054 2350 00.
1072 2282 1175 2366 quoad

44 2400 191 2463 meritum
217 2404 378 2485 praetensi
405 2403 598 2483 gravaminis
625 2399 790 2464 desideriis
818 2404 906 2462 lanto
934 2399 1033 2459 minus
1051 2390 1176 2455 delcrre

11 2530 16 2537 ·
48 2509 183 2586 possint,
202 2525 265 2588 quo
286 2510 385 2592 magis
402 2508 484 2573 ultro
502 2509 594 2572 etiam
612 2527 647 2571 ea
666 2508 750 2570 imma
762 2509 792 2570 in
809 2504 1175 2584 convictioneperseve·
1235 2512 1239 2521 “

45 2620 130 2690 rant,
145 2614 320 2680 Ecclesiam
337 2620 367 2679 in
385 2617 539 2681 exercitio
556 2632 684 2680 suorum
701 2617 824 2687 iuriam,
841 2612 943 2676 donec
960 2610 1065 2692 legem
1083 2604 1174 2689 posi-

46 2724 142 2784 tivam
158 2742 221 2786 non
247 2722 353 2798 laedit,
370 2723 522 2808 impediri,
540 2730 593 2789 aut
608 2725 700 2806 plane
717 2724 860 2786 coactiva
878 2727 986 2784 contra
1004 2716 1087 2779 illam
1104 2730 1175 2776 rne-

48 2828 101 2891 dia
121 2836 265 2911 exparte
283 2831 450 2895 Potestatis
469 2831 575 2897 Civilis
593 2830 734 2894 adhiberi
752 2849 815 2895 non
832 2843 936 2911 posse.
962 2824 1070 2906 Neque
1087 2825 1118 2885 in
1136 2837 1175 2883 eo

49 2932 191 3000 Statibus
210 2944 241 3001 et
256 2934 321 2999 00.
340 2940 487 3001 assentiri
503 2947 635 3018 possunt
652 2940 817 3010 Prooeres‚
845 2936 934 3019 qnasi
951 2950 1010 3017 per
1029 2931 1175 3010 denega-

49 3044 298 3110 tam'mixtorum
324 3046 549 3110 connubiorum
574 3044 824 3107 benedictionem
849 3042 897 3103 bis
913 3040 988 3120 ipsis
1006 3034 1172 3101 connubiis

49 3150 128 3214 talia
143 3161 333 3232 ponerentur
351 3152 589 3234 impedimenta,
615 3149 715 3232 qualia
742 3149 793 3211 lex
819 3145 892 3231 poni
908 3143 1081 3226 prohibuit3
1106 3156 1177 3201 nam

14 3268 17 3273 '
48 3268 142 3339 parte
158 3259 195 3321 ab
214 3278 273 3324 una
292 3261 434 3343 exempla
451 3262 595 3325 initorum
613 3259 748 3321 decursu
765 3256 905 3338 proxime
933 3248 1034 3332 elapsi
1049 3245 1173 3308 triennii

52 3364 175 3446 absque
192 3366 461 3430 administratione
478 3382 635 3430 sacrorum
652 3366 766 3428 rituum
788 3358 990 3443 complurium
1009 3357 1174 3419 mixtorum

50 3474 319 3538 matrimoniorum
336 3475 437 3554 palam
455 3479 709 3542 commonstrant,
727 3470 946 3533 valoriborum
959 3465 1177 3546 coniugiorum

52 3583 131 3644 satis
148 3599 205 3664 per
222 3580 251 3642 ld
269 3581 398 3653 consuli,
417 3583 498 3664 quod
518 3600 554 3644 ea
571 3578 703 3643 Parocbi
721 3576 874 3661 Catholici
890 3574 1018 3656 praevie
1036 3567 1177 3652 promul-

35 3694 140 3773 gent,
155 3671 258 3769 iisqne
276 3691 482 3752 assistentiam
499 3695 679 3769 praestent:
706 3692 797 3767 parte
814 3701 891 3749 vero
909 3681 947 3743 ab
964 3678 1060 3741 altera
1077 3672 1178 3738 bene-

53 3794 148 3860 dictio
165 3796 277 3879 aliiqne
294 3798 372 3861 ritus
389 3796 473 3860 sacri
492 3798 559 3861 eius
577 3803 650 3860 sunt
667 3802 776 3858 natura
796 3810 852 3855 sua
871 3788 1005 3861 indolis,
1035 3790 1067 3848 ut
1084 3770 1200 3863 objc?

54 3912 139 3967 ctum
158 3900 383 3989 Legislationis
401 3905 503 3968 civilis
522 3922 581 3966 nec
607 3900 740 3965 mediate
759 3916 817 3962 nec
834 3894 1009 3961 immediate
1027 3886 1181 3953 constitu·

53 4020 118 4090 ant,
135 4010 218 4075 desit
235 4012 530 4094 itaque'omnimode
557 4010 665 4074 titulus
684 4027 719 4072 ac
737 4011 939 4090 praetextus,
968 4018 986 4061 e
1005 4015 1065 4080 quo
1082 3994 1179 4058 Pote-

52 4125 120 4181 stas
138 4118 244 4181 Civilis
261 4119 293 4182 in
312 4122 497 4201 quaestione
523 4121 583 4182 ista
600 4134 656 4198 per
671 4115 826 4198 positivus
853 4106 1082 4193 dispositiones
1108 4117 1182 4164 snas

50 4229 245 4291 intervenire
263 4231 331 4291 iure
349 4228 462 4291 valeat.

25 4384 29 4389 .
64 4415 66 4419 Ι
145 4333 325 4398 Pastoralcs
350 4337 463 4399 literae
480 4330 662 4398 Praesulum
688 4349 751 4396 non
771 4326 854 4392 aliud
872 4325 1056 4394 continent,
1088 4333 1181 4398 quam

46 4444 228 4509 doctrinam
246 4443 284 4506 de
303 4444 404 4506 vrrixtis
422 4442 627 4507 matrimoniis
646 4459 663 4504 a
681 4440 772 4504 clero
791 4432 956 4501 Catholioo
974 4449 1036 4493 uon
1052 4423 1182 4490 inllun·
