2798 4852
385 204 426 355 „³
518 252 530 271 ·
590 244 751 339 -.-’4ιι’
779 214 851 364 -.''·j
882 218 887 249 ³

1073 348 1094 387 ‚
1142 340 1152 355 ,

138 464 263 523 asserta
280 475 342 523 non
361 463 429 535 esl,
454 457 663 521 interimalem
681 458 879 539 praebendae
903 459 1047 538 passivae
1064 458 1265 522 assistentiae

136 566 351 649 provisionem
369 563 569 647 adoptavissc
586 573 756 646 exponunt,
779 565 903 647 hocque
919 546 1190 633 suumconsitvum
1207 581 1265 645 per

134 671 231 737 Suam
248 668 449 736 Sunonensem
463 674 592 755 probari
609 672 795 756 supplicant.
819 671 962 755 luparie
980 690 1058 736 veru
1076 672 1171 736 altera
1189 672 1263 754 quid

135 782 178 863 inv
186 781 355 862 postremis
371 778 475 862 Regni
493 781 631 845 comitiis
648 780 759 845 intuitu
775 782 941 844 mixtorum
959 787 1047 843 matr.
1071 778 1263 850 conclusum,

135 905 176 949 ac
193 886 278 951 Sua'c
293 885 450 949 Maiestati
466 905 524 967 pro
548 889 712 951 sanctione
728 889 817 969 regia
834 886 1025 952 substratum
1040 887 1146 964 luerit,
1162 885 1263 951 fusius

134 993 319 1076 explicant,
352 1012 501 1074 suamque
535 974 760 1077 expositionem
793 997 841 1058 his
873 980 978 1059 verbis
1009 1001 1262 1077 prosequuntur:

134 1102 363 1179 ‚missimulare
380 1121 444 1166 non
462 1119 649 1184 possumus,
669 1102 784 1166 multas
800 1119 858 1165 nos
875 1098 969 1166 etiam
985 1101 1162 1178 trepidandi
1180 1119 1261 1183 can·

134 1226 190 1288 aas
216 1209 350 1283 habere,
382 1226 423 1273 ne
438 1209 518 1273 haec
544 1213 631 1291 ipsa,
662 1229 700 1272 ae
717 1212 879 1292 signanter
893 1210 947 1284 id,
974 1190 1062 1290 'quod
1087 1227 1144 1289 per
1168 1211 1262 1291 regni

135 1315 397 1399 Ordines‘qnoad
415 1317 540 1381 mudum
557 1316 762 1381 ineundorum
788 1320 951 1397 mixtorum
968 1323 1058 1381 matr.
1075 1316 1261 1401 postulabo·¹
1364 1382 1367 1393 ,

135 1432 209 1499 tur,
234 1425 384 1506 proximis
401 1426 623 1489 occasionibus
639 1425 805 1505 rapacium,
822 1442 924 1506 eoque
939 1426 1146 1503 importunius
1163 1441 1263 1505 urge·
1292 1490 1306 1511 ,-
1342 1414 1345 1419 ’

136 1529 251 1606 antur,
277 1551 338 1612 quo
365 1534 484 1595 certius
511 1539 580 1606 est,
612 1533 791 1601 assistentia
827 1532 952 1614 passiva
978 1533 1054 1612 ipsis
1080 1528 1262 1597 acatholicis
1326 1584 1329 1589 .

136 1634 336 1721 nequaquam·
352 1639 511 1709 satisfieri,
530 1638 591 1701 imo
602 1638 876 1719 abhorrere-ipsos
893 1638 931 1700 ab
947 1638 1009 1701 illa.
1028 1638 1146 1711 Quodsi
1162 1647 1263 1704 autem

135 1749 252 1813 novius
269 1746 428 1829 proposita
454 1746 594 1829 provisio
620 1748 681 1809 virn
697 1745 779 1827 legis
795 1748 906 1808 sortita
923 1746 1036 1816 luerit,
1064 1763 1126 1808 nen
1143 1753 1261 1812 tantum
1317 1784 1320 1789 ·
1373 1808 1377 1815 .

137 1875 265 1925 omnem
292 1855 501 1919 admittendae
527 1872 583 1934 per
608 1855 779 1936 paroclrum
801 1852 988 1919 catholicum
1004 1856 1262 1936 etiampassivae

130 1961 342 2027 assistentiae
368 1952 513 2029 excludet
538 1960 739 2036 securitatem,
766 1960 822 2023 sed
848 1961 937 2023 novis
955 1961 1047 2023 etiam
1064 1967 1095 2023 et
1112 1965 1286 2042 gravibus*
1389 1986 1393 1993 ·

114 2072 294 2156 -angusllis
319 2073 442 2134 nostras
467 2067 666 2151 fideliumque
684 2075 864 2133 nostrorum
884 2067 1096 2130 conscientias
1112 2068 1261 2134 involvet.

115 2220 118 2225 ·
137 2176 244 2256 Quare
261 2179 476 2243 Sanctitatem
481 2178 624 2241 Vestram
640 2177 761 2241 rellexe
779 2176 817 2238 ad
835 2176 956 2249 omnia
984 2194 1063 2257 quae
1080 2194 1138 2240 nos
1154 2194 1263 2241 omnes

136 2295 302 2395 premunt,
320 2281 742 2371 quaevenolvisivnrninent‚
759 2283 1262 2350 imacumdevoticneiamnune
1313 2364 1317 2373 ,

138 2382 288 2469 oramus,
314 2403 413 2457 ut—
376 2412 491 2476 -pre
508 2395 708 2458 necessitatis
724 2394 867 2466 ratione
893 2410 1030 2473 casuque
1057 2395 1089 2457 in
1106 2396 1189 2459 omni
1206 2411 1263 2458 sua

138 2504 232 2590 nobis
249 2504 454 2579 auctoritate,
471 2510 503 2565 et
520 2488 684 2584 sapientia
695 2502 833 2585 benigne
849 2494 982 2574 adesse,
1014 2503 1156 2581 viamque
1172 2504 1262 2569 nobis
1288 2572 1291 2577 ,

138 2608 392 2675 commonstrare
409 2596 571 2690 dignetur,
592 2627 682 2690 apuam
699 2610 737 2672 ab
755 2592 882 2673 errandi
900 2607 1118 2690 periculotuti
1135 2610 1261 2691 ingredi

119 2719 336 2801 fet-prosequi
352 2717 545 2780 valeamus.“
561 2717 724 2798 Sapienter
741 2718 854 2781 isthinc
871 2706 1173 2781 Eminentia.llestra
1189 2734 1261 2799 per·
1278 2728 1281 2732 ·
1376 2744 1381 2753 ·

138 2814 287 2907 spoclura
305 2830 373 2898 est,
391 2825 421 2888 id
438 2844 494 2908 per
510 2825 638 2889 eosdem
655 2824 820 2889 Praesules
836 2825 884 2889 his
903 2825 1009 2889 verbis
1025 2824 1109 2903 haud
1127 2826 1262 2917 obscure
1303 2896 1308 2907 ,

138 2934 316 3015 postulari:
336 2939 373 2995 ut
394 2952 464 2996 cum
489 2935 550 2996 hoc
566 2934 648 3017 legis
674 2935 848 3014 proiectum
865 2933 896 2994 in
912 2933 1039 2996 casibus
1055 2933 1262 3003 ineundorum
1295 2962 1307 2991 ·.
1347 2988 1350 2993 .

138 3031 247 3103 coram
274 3039 424 3103 ministris
454 3039 638 3105 acatholicis
671 3042 838 3104 mixtorum
869 3046 959 3103 matr.
975 3036 1103 3104 nullum
1134 3030 1262 3122 prorsus

137 3148 342 3229 praebendae
346 3166 407 3228 per
418 3146 573 3231 parochos
585 3147 764 3213 catholicos
781 3149 929 3228 passivae
946 3149 1154 3211 assistentiae
1160 3150 1263 3214 locum
1290 3179 1300 3188 ·<
1372 3224 1375 3231 ¹

136 3253 315 3337 relinquat
347 3255 378 3317 in
404 3262 547 3318 eventum
581 3253 791 3337 acceptandus
823 3254 914 3319 huius
946 3255 1027 3335 legis
1050 3238 1265 3335 conscientiis
1372 3283 1383 3312 .·

134 3361 364 3445 Episcoporum
390 3380 427 3426 ae
453 3360 586 3425 fidelium
616 3362 716 3425 Sedes
743 3361 926 3444 Apostoliea
957 3377 1014 3441 per
1039 3344 1278 3459 declarandam·¹
1329 3348 1346 3429 ζ-

135 3469 316 3534 huiusmodi
333 3469 597 3533 matrimoniorum
614 3469 802 3534 validitatem
830 3471 998 3534 consulere
1015 3470 1203 3552 dignetur

231 3578 378 3658 Denique
399 3596 469 3641 cum
495 3580 638 3647 mealiac
663 3566 1163 3657 lronorisrcentissimaadSedevn
1175 3579 1262 3662 lipo-
1280 3548 1317 3557 Η

134 3686 284 3751 ⁸l0li⁰am
303 3686 452 3751 missione
468 3706 508 3779 err
524 3692 614 3768 parte
631 3689 723 3750 etiarn
739 3684 828 3764 Caes.
846 3685 1262 3780 Regiillegivninisperfun.
1274 3677 1293 3747 f
1318 3679 1329 3761 J
1362 3670 1396 3762 ’ζ’

134 3809 221 3879 gar,
248 3790 371 3859 utillud
389 3794 427 3880 iu*
437 3791 610 3857 ordinando
627 3793 791 3856 mixtorum
810 3800 1029 3856 malm-statum
1047 3796 1137 3858 etiam
1153 3787 1263 3876 politi-

135 3916 327 3983 cumprope
355 3899 444 3964 nimis
471 3903 730 3991 concernentium
758 3902 969 3983 negotiosus
996 3900 1151 3967 desideria
1178 3905 1264 3968 iuxta
1344 3894 1347 3901 ’

134 4008 360 4083 necessitatis,
386 3996 697 4088 subversantiumquc
720 4007 936 4073 adiunclcvum
961 4011 1114 4076 rationem
1132 4011 1265 4076 candide

134 4117 289 4198 aperiat,
314 4115 492 4197 haecque
485 4136 516 4181 vn
533 4125 679 4199 quantum
705 4117 865 4200 principiis
889 4104 1044 4180 ecclesiae
1062 4117 1264 4184 dissentanea
1337 4134 1365 4179 .·

116 4231 308 4307 consuet,
325 4222 1105 4306 benignamSedisApostolicaeconsiderationem
1122 4226 1266 4305 subeant,
1317 4244 1320 4249 ·

138 4342 280 4412 aequum
307 4331 441 4394 omnino
457 4348 530 4394 esse
557 4348 683 4394 censeo.
717 4329 863 4409 Alioquin
890 4349 958 4392 eum
989 4331 1266 4423 haereditariarum
1328 4327 1386 4369 '³

139 4438 294 4507 Austrinc
327 4437 476 4502 ditionum
493 4437 762 4538 dueliepiscnpi,
795 4444 900 4545 utpote
933 4430 1042 4522 procul
1068 4439 1139 4503 ala
1131 4443 1265 4511 invicem
1306 4442 1330 4511 ,ἰ
1356 4470 1360 4478 ·
1389 4434 1393 4441 ’
