2798 4852
514 278 814 357 ¹-·4an.-.-

14 452 29 466 '¹
135 480 292 552 assumta,
318 489 355 537 ac
371 472 478 539 decisa
503 471 720 538 Districtuales
736 470 911 537 Illustritati
927 471 1010 538 Vnae
1027 489 1089 554 qua
1104 487 1236 555 supremo

134 579 255 643 Pastori
271 576 439 645 humillimo
456 579 662 657 substernere
678 578 909 643 decreverunt:

224 688 258 760 a)
274 684 323 749 dn
345 703 463 769 sponsa
479 682 651 759 catholica,
670 702 751 766 quae
768 702 786 747 a
802 685 1020 753 contrahendo
1036 705 1108 752 cura
1125 685 1241 753 acatho-

134 793 195 855 lico
221 811 340 874 sponso
367 794 525 858 connubio
551 792 644 856 nullis
670 791 857 857 salutaribus
884 793 1009 860 monitis
1033 793 1155 859 retrahi
1178 791 1240 863 rull.

134 902 351 981 consentitque
378 900 485 978 inid,
518 898 751 985 ut'nasciturae
777 916 873 962 sexus
900 900 1064 963 masculini
1089 898 1196 981 proles
1218 903 1239 962 in

134 1010 220 1068 secta
236 1006 394 1070 haeretica
411 1007 517 1087 sponsi
535 1005 722 1078 educentur,
750 990 906 1069 accedens
930 1005 968 1067 ad
985 995 1124 1069 tribunal
1140 1006 1242 1069 Poeni·

132 1113 251 1175 tentiae
267 1114 537 1178 sacramentaliter
556 1112 677 1177 absolvi
694 1111 820 1193 possit?
843 1112 908 1177 Nos
923 1112 1116 1177 unanimiter
1132 1129 1238 1197 sccun-

88 1253 94 1265 ·
134 1217 204 1283 dum
221 1219 385 1302 generalia
401 1220 528 1311 Ethicae
545 1219 633 1283 Xnae
649 1219 800 1303 principia
816 1219 908 1283 telem
920 1238 981 1292 non
994 1238 1069 1283 esse
1080 1219 1241 1284 absolven-

135 1322 214 1391 dam¹
229 1335 392 1392 tenemus:
424 1330 548 1392 notorie
573 1347 705 1410 namque
730 1329 861 1410 indigno
888 1326 1127 1391 sacramentalis
1155 1326 1241 1409 gratia

134 1433 309 1515 dispensari
325 1453 388 1499 non
404 1441 519 1517 potest,
536 1433 607 1498 talis
625 1441 728 1497 autern
745 1441 792 1495 est
808 1435 1027 1515 quaestionata
1044 1450 1165 1514 sponsa
1180 1448 1244 1516 pro·

134 1547 224 1605 terve
240 1539 365 1622 legibus
381 1540 547 1604 Ecclesiae
569 1543 733 1619 resistens.
758 1541 925 1604 Praeterea
943 1540 1243 1605 confessarius'nul-

101 1662 114 1729 j
132 1644 196 1709 lura
212 1646 304 1709 talem
320 1646 487 1711 absolvere
503 1655 624 1727 potest,
650 1651 701 1728 qui
718 1664 780 1710 non
802 1646 893 1710 modo
911 1649 1090 1731 proximam
1106 1647 1244 1730 peccandi

43 1782 48 1789 ·
136 1753 335 1816 occasionem
360 1769 423 1816 non
448 1754 545 1830 vitat,
570 1753 625 1814 sed
653 1752 784 1817 eandem
801 1754 903 1834 potius
919 1755 1097 1818 voluntarie
1115 1757 1243 1838 quaerit3

136 1857 207 1922 telis
233 1865 337 1923 autem
362 1865 410 1922 est
420 1876 550 1971 sponsa
567 1860 743 1938 catholica,
775 1877 854 1941 quac
871 1868 944 1924 ante
962 1862 1164 1949 contractum
1189 1879 1244 1926 can

136 1981 254 2048 sponso
281 1924 457 2028 acatholico
467 1940 709 2031 ‘maninenmm
734 1985 923 2030 eonsensum
950 1986 1039 2032 suum
1057 1971 1207 2051 praebet,
1220 1976 1244 2032 nt

133 2067 206 2154 pars
233 2073 461 2137 nasciturarunr
487 2070 618 2153 prolium
645 2072 683 2135 ab
717 2073 860 2139 Ecclesia
886 2075 1046 2139 catholica
1074 2079 1116 2141 sit
1142 2078 1242 2149 aliem,

136 2187 229 2261 atque
246 2196 309 2244 non
326 2179 418 2243 modo
434 2186 532 2244 semet
558 2179 697 2260 periculo
713 2183 927 2260 perversioris
943 2189 1066 2246 temere
1082 2183 1256 2259 committi„

135 2288 192 2352 sed
209 2294 240 2351 et
254 2288 357 2370 proles
368 2302 446 2352 suas.
454 2285 624 2353 discrimini
643 2288 831 2352 amittendae
847 2303 1006 2359 aeternae,
1016 2290 1131 2355 salutis
1147 2294 1246 2356 soien-

135 2402 183 2457 ter
200 2401 231 2457 et
247 2393 423 2458 voluntarie
441 2397 579 2474 exponit.
604 2394 706 2459 Porro
718 2394 772 2458 lex
781 2394 999 2461 ecclesiastica
1014 2396 1145 2479 publica
1161 2398 1243 2463 scau·

37 2523 42 2533 ·
140 2500 208 2565 dala
226 2499 336 2564 dantes
352 2517 492 2581 eousque
504 2500 670 2565 absolvere
682 2508 776 2578 vetat,
794 2518 957 2584 quousque
974 2503 1011 2566 ab
1028 2504 1091 2573 illis
1110 2503 1245 2570 scandala

34 2634 37 2639 ·
140 2607 211 2673 data
237 2615 381 2689 reparate
408 2627 470 2672 non
488 2607 623 2685 fuerint3
641 2610 724 2688 atqui
745 2625 859 2690 sponsa
875 2610 1026 2674 catholica
1044 2609 1247 2676 contrahendo

136 2721 245 2779 contra
262 2715 361 2797 leges
387 2713 549 2778 Ecclesiae
575 2715 802 2779 matrimonium
828 2735 896 2779 cum
915 2716 1112 2796 acatholico,
1130 2727 1164 2782 et
1179 2739 1245 2784 con·

135 2821 308 2894 sentiendo,
327 2828 360 2883 ut
376 2823 481 2903 proles
499 2821 656 2885 masculae
672 2825 703 2886 in
726 2823 850 2887 haeresi
876 2823 1067 2900 educentur,
1096 2827 1246 2907 taliterque

137 2946 173 2990 se
189 2926 349 3011 indignam
367 2928 584 2995 sacramentali
609 2929 829 2994 benedictione
844 2930 1007 2996 reddendo
1025 2935 1152 3016 grande
1167 2952 1246 2998 scan-

37 3092 40 3098 .
134 3033 233 3098 dalnnr
249 3037 381 3118 praebet
403 3034 549 3099 fidelibus
559 3058 569 3114 3
595 3056 629 3098 ac
655 3037 787 3119 proinde
815 3041 874 3103 nisi
890 3037 964 3102 illud
982 3056 1040 3120 pro
1056 3043 1180 3106 viribus
1195 3042 1246 3106 sois

133 3140 246 3205 tollere
272 3145 358 3205 enisa
385 3141 497 3216 fuerit,
524 3141 654 3205 candem
681 3151 800 3207 tantum
817 3147 847 3206 in
864 3146 994 3208 articulo
1012 3151 1125 3212 mortis
1144 3149 1245 3214 absolui

124 3265 227 3331 posse
254 3266 430 3311 censemus.
463 3248 547 3311 Haeo
583 3248 692 3312 eadem
719 3255 860 3332 quaestio
887 3271 915 3314 a.
944 3251 1041 3314 1837.
1070 3258 1104 3318 in
1131 3255 1243 3337 Synodo

134 3356 295 3421 Dioecesis
321 3347 576 3437 Ornodropener'e
602 3361 767 3439 quotannis
793 3358 947 3423 aCuratis
974 3361 1134 3426 celebrari
1151 3365 1244 3433 setin,

135 3465 364 3528 ventilabatur:
381 3471 481 3529 utrum
494 3482 602 3546 nempe
618 3465 670 3528 lex
687 3467 1005 3547 ecclesiastica,quae
1016 3450 1147 3551 publiea
1165 3489 1243 3536 sran-

136 3566 375 3633 deludentibus
401 3573 626 3635 absolutionem
651 3573 767 3636 tamdiu
788 3576 938 3654 impertiri
956 3582 1062 3654 vetat,
1080 3576 1182 3643 donec
1196 3596 1242 3660 po·

133 3673 214 3738 blica
240 3677 415 3742 satisfactio
441 3680 609 3760 praestita,
636 3687 666 3741 ct
692 3681 872 3744 scandalum
899 3680 1055 3746 sublatum
1073 3706 1141 3751 non
1158 3687 1242 3768 luerit

134 3783 227 3844 etiam
253 3783 291 3847 ad
317 3785 505 3849 catholicum
529 3787 561 3848 in
578 3787 673 3850 mixto
699 3789 898 3864 matrimonio
920 3792 1077 3855 viventem
1097 3801 1242 3873 parentem

134 3890 332 3955 extendenda
358 3894 418 3967 sit,
450 3895 501 3975 qui
528 3911 601 3957 suas
625 3896 729 3976 proles
750 3898 781 3958 in
798 3891 1083 3962 haeresi'eduoare
1101 3900 1242 3982 permittit,

134 4003 227 4076 atque
252 3998 485 4079 insuperhabita
512 4003 595 4065 omni
627 4001 846 4076 institutione,
887 4012 993 4086 spreta
1027 4002 1242 4076 enlrortationn

96 4122 99 4127 ·
133 4103 172 4165 ab
188 4105 246 4167 lrac
262 4105 440 4186 irreligiosa
459 4104 643 4171 seandatosa
660 4111 776 4192 agendi
788 4112 910 4177 ratione
922 4112 1078 4177 recedere
1096 4111 1242 4182 nonvultl

132 4210 299 4293 Synodalis
315 4216 395 4277 haec
420 4215 562 4294 quaestio
589 4213 736 4281 Generali
752 4219 881 4283 Vicario
906 4221 1071 4302 praelatae
1098 4219 1240 4290 Dioecesis

134 4325 164 4382 et
182 4315 368 4386 consecrato
385 4321 538 4404 Episcopo
563 4320 670 4406 anke
686 4341 742 4405 pro
757 4317 955 4392 resolutione
973 4346 1010 4392 ea
1031 4350 1104 4395 cum
1120 4325 1240 4398 animad-

131 4427 279 4496 rcrsione
295 4431 455 4510 proposita
474 4436 540 4501 cst,
557 4431 639 4508 quod
656 4449 764 4497 omncs
782 4433 885 4499 Cureti
901 4435 933 4501 in
951 4456 1049 4505 unum
1067 4434 1238 4525 congregali
