2798 4852
573 278 891 395 „ceo-‘⁴

94 517 97 523 “
124 507 300 589 evangelici
317 507 485 571 concessio
512 522 568 584 per
596 521 746 586 sponsam
771 501 957 567 catholicam
986 501 1128 584 alioquin
1154 521 1236 568 acce·

122 620 209 695 ptata
227 615 359 694 praevie
385 616 416 676 in
434 613 594 675 formalem
619 618 815 699 contractum
832 611 1087 690 sponsalisticum
1104 611 1239 693 scriptum

126 739 163 782 ac
179 736 289 786 coram
307 728 504 802 competente
521 718 716 782 Auctoritate
735 717 824 781 Civili
840 717 1123 782 authenticandum
1141 735 1177 780 ac
1191 735 1240 782 co·

124 828 192 888 ram
209 828 280 888 iure
297 843 422 905 semper
440 824 606 887 valiturum
623 821 797 906 redigatur.
975 816 983 899 '³

215 930 264 996 nd
282 933 422 995 eiusdem
443 931 583 1014 proiecti
609 937 704 1006 §-um
721 930 752 992 4.
771 915 855 1011 quod
880 933 1013 994 attinet:
1046 937 1240 1014 posteaquam

23 1100 25 1105 ,
126 1047 246 1102 certum
265 1043 329 1112 est'
340 1034 559 1121 ‘exlprincipiis
574 1037 750 1118 Religionis
763 1037 942 1101 Catholicae
954 1039 1161 1116 matrimoniis
1171 1037 1240 1100 min·

124 1148 165 1208 tis
181 1147 435 1210 benedictionem
454 1164 495 1214 ea
515 1153 633 1208 tantum
658 1145 731 1228 lege
748 1144 982 1224 impertiendam
998 1143 1141 1220 admitti,
1171 1147 1196 1208 si
1209 1145 1242 1208 de
1264 1164 1266 1168 “

124 1253 268 1338 prolibus
284 1256 451 1336 utriusque
472 1271 569 1316 sexus
586 1271 603 1314 e
621 1252 673 1314 tali
690 1253 839 1335 coniugio
851 1251 1020 1315 nascituris
1038 1254 1070 1314 in
1088 1250 1241 1335 Religiooa

125 1360 285 1424 Catholica
303 1360 473 1424 educandis
489 1352 785 1438 interrespect'ivos
812 1374 945 1437 sponsos
962 1357 1094 1438 praevie
1113 1375 1241 1421 conven-

124 1474 190 1530 tum
205 1467 318 1544 luerit3
345 1475 376 1555 et
402 1474 568 1548 postquam
594 1465 736 1548 legitima
753 1465 895 1528 Potestas
911 1463 1145 1527 Ecclesiastico
1162 1467 1240 1530 etiam

126 1592 231 1637 coram
248 1574 404 1637 Ministris
421 1572 627 1654 Evangelicis
645 1574 719 1635 inita
731 1575 825 1635 mixta
844 1572 1000 1653 connubia
1017 1589 1077 1651 pro
1090 1570 1200 1635 validis
1212 1590 1242 1633 ac

4 1712 7 1717 ·
43 1769 50 1785 ·
123 1681 273 1764 legitimis
291 1679 447 1768 declarat:
463 1680 596 1762 Regium
606 1677 847 1742 hochnsilium
858 1671 1052 1752 existimare,
1063 1678 1241 1760 legeeuun-

127 1788 272 1851 ciandum
289 1788 370 1859 fore,
388 1789 582 1850 matrimonia
599 1785 696 1849 mixta
714 1803 821 1849 casum
837 1788 868 1849 in
879 1805 962 1863 eum,
977 1804 1040 1866 quc
1052 1801 1241 1850 concernens

123 1894 280 1970 parochus
297 1893 470 1957 catholicus
487 1894 677 1973 respectivis
695 1896 822 1973 sponsis
839 1893 876 1954 ad
903 1895 1102 1974 exigentiam
1118 1910 1240 1974 praece·

124 1998 219 2086 dente
237 2004 267 2073 §.
282 1999 471 2063 enunciatae
490 1999 714 2079 propositionis
732 1999 855 2062 solenni
873 2007 1039 2065 contractu
1056 2001 1241 2064 matrimoni·

82 2172 86 2181 ¹
126 2104 165 2167 ali
182 2122 244 2169 non
270 2106 406 2186 provisis
431 2103 686 2167 benedictionem
711 2105 882 2187 nuptialem
907 2109 1061 2187 impertiri
1078 2105 1242 2190 perlegam

29 2241 32 2249 ·
125 2205 295 2275 Ecclesiae
307 2211 486 2275 Catholicae
512 2211 755 2290 prohiberetur,
781 2213 905 2277 solitum
923 2212 1137 2293 copulationis
1161 2214 1243 2278 ritum

124 2334 182 2397 per
198 2319 372 2382 Ministrum
389 2317 471 2381 illius
486 2317 713 2396 confessionis,
725 2320 776 2382 cui
792 2318 927 2401 sponsus
945 2321 1159 2404 evangelicus
1174 2321 1241 2384 snb·

126 2431 176 2485 est
203 2427 283 2498 (nisi
319 2426 378 2503 ipsi
406 2441 592 2504 sponsorum
618 2425 817 2489 matrimonio
842 2426 946 2509 legale
972 2427 1104 2509 aliquod
1121 2427 1243 2508 impedi·

126 2536 264 2593 mentum
283 2531 446 2608 obstaret),
464 2534 576 2614 peragi
591 2550 706 2614 posse3
724 2535 755 2596 in
772 2542 962 2596 casuautem
980 2533 1034 2596 tali
1052 2551 1244 2614 sponsasse·

127 2656 175 2698 am
193 2644 327 2702 eatenus
345 2639 551 2701 intentionem
569 2657 676 2702 coram
692 2643 820 2720 proprio
839 2657 975 2722 sponsae
1004 2643 1181 2707 catholicae
1195 2659 1243 2722 pa-

123 2744 244 2817 rocho,
277 2747 366 2806 cuius
383 2745 592 2809 iurisdictioni
621 2747 782 2827 pastorali
801 2747 926 2821 subest,
943 2751 1077 2828 praevie
1090 2749 1246 2812 ‘declarare

125 2853 240 2914 teneri.
1026 2828 1031 2837 1

214 2954 325 3020 Relate
342 2955 380 3018 ad
396 2959 529 3037 proiecti
546 2960 638 3022 huius
658 2964 755 3032 §-um
773 2965 803 3023 5.
828 2968 861 3025 ut
887 2982 904 3024 e
930 2965 1137 3027 matrimoniis
1154 2961 1245 3025 mixtis

126 3063 239 3126 dehinc
257 3065 484 3128 contrahendis
513 3067 697 3130 nasciturae
718 3070 889 3150 utriusque
915 3086 1011 3132 sexus
1027 3070 1139 3149 proles
1157 3070 1186 3133 in
1200 3087 1244 3152 pa·

125 3172 183 3233 tris
200 3170 356 3252 religione
374 3171 571 3234 educentur:
597 3182 728 3254 praeter
747 3194 794 3248 ea,
812 3195 894 3257 quae
910 3176 1045 3240 Praelati
1062 3179 1165 3262 Regni
1181 3194 1244 3260 prc-

125 3275 190 3337 lixe
209 3293 244 3337 ac
262 3276 390 3340 fundate
407 3287 639 3353 remonstrant‚
672 3285 834 3362 sequentia
853 3284 955 3346 adhuc
973 3285 1118 3349 Consilio
1135 3285 1202 3350 huic
1215 3283 1242 3346 L.

124 3380 229 3464 Regio
247 3402 416 3451 occurrere
433 3387 464 3448 in
481 3386 650 3449 obversum
666 3389 878 3451 reflectendo:
895 3391 1010 3471 quippe
1026 3410 1097 3454 rem
1115 3392 1239 3473 religio·

124 3490 246 3551 nariam
262 3490 292 3549 in
309 3490 419 3571 Regno
447 3493 508 3554 hoc
534 3512 570 3554 ea
600 3497 842 3574 aequanimitate
866 3497 1011 3578 regulari
1036 3486 1097 3578 per
1115 3506 1172 3562 art.
1193 3495 1242 3560 26:

127 3591 247 3672 179⁰s1.
266 3604 299 3656 ut
316 3598 517 3680 Evangelicis
529 3583 692 3683 utriusque
705 3603 920 3667 Confessionis
938 3605 1241 3687 regnicolislibemn

123 3700 290 3783 religionis
316 3723 394 3766 suae
411 3708 597 3770 exercitium
618 3711 709 3788 plene
728 3711 902 3774 asserendo
921 3713 1005 3774 idem
1025 3713 1179 3778 articulus
1194 3728 1241 3774 ona

126 3807 263 3870 sollicite
281 3812 412 3882 caverit,
430 3829 468 3872 ne
487 3813 560 3894 quid
577 3815 1012 3901 Evangelicispraecipiatur,
1030 3820 1240 3904 quodconles·

80 3987 84 3994 Ι
125 3915 225 3977 sionis
243 3933 319 3978 suae
336 3919 501 4013 principiis
519 3931 693 4004 repugnet3
711 3925 772 3987 hcc
792 3933 892 3988 autem
909 3927 1015 3990 studio
1034 3937 1070 3991 ut
1089 3925 1237 3994 etiamlle·

123 4019 248 4102 ligionis
266 4021 444 4088 Catholicae
461 4047 586 4092 causam
603 4034 753 4113 prosequi
765 4033 868 4103 liceat¹
883 4037 1009 4097 omnino
1021 4026 1234 4117 aequumessdt

124 4127 242 4189 ethinc
269 4131 423 4210 siquidem
451 4136 636 4215 principium
668 4139 855 4201 catholicum
882 4142 966 4202 circa
995 4138 1232 4220 prolesemixtit

126 4235 219 4294 etiam
237 4239 399 4320 coniugiis
424 4243 552 4322 genitas
580 4244 612 4304 in
629 4243 796 4326 Religione
814 4245 973 4310 Catholica
1002 4247 1175 4311 educandas
1188 4258 1230 4325 per

127 4343 220 4401 totam
235 4341 407 4409 Ecclesiam
426 4348 617 4413 Catholieam
636 4370 674 4414 eo
693 4353 841 4415 subsistat
854 4357 1015 4436 praecepti
1034 4355 1225 4418 accbserran·

125 4443 188 4508 tiae
206 4449 337 4530 ¹vigore,
369 4460 403 4514 ut
419 4455 708 4540 indispensabilem
725 4462 907 4540 parentibus
926 4462 1091 4527 catholicis
1116 4459 1223 4538 ioiuogtt
