2798 4860
596 202 751 322 ..111
780 289 852 360 -Ι

132 446 304 508 universim
314 447 346 508 in
356 444 587 508 Transsilvnnin
605 447 724 527 negotii
737 444 777 509 de
794 446 898 510 mixtis
915 453 1000 509 matr.
1015 450 1122 530 agitati
1133 449 1254 511 slatus?
1306 466 1309 473 ·

131 550 384 630 perscriberem:
407 556 479 613 ante
511 550 705 631 quatriduum
737 559 906 616 veneratus
939 571 1024 626 snm,
1064 555 1095 616 in
1126 572 1255 634 quarum

131 665 288 738 promtum
321 659 501 739 obsequium
533 656 661 745 propter
697 658 840 722 allectam
873 659 1080 724 valetudinem
1113 659 1255 726 nonnihil

132 765 254 829 tardius
279 763 386 828 Eidem
410 762 594 830 celsitudini
618 768 751 830 Vestrae
777 766 911 829 demisse
936 754 1058 831 referre
1092 770 1253 832 sustineo:

132 873 252 936 Verum
268 872 405 953 ¹quidem
432 888 523 944 esse,
552 853 634 955 quod
660 873 869 937 circularibus
896 875 934 936 de
962 876 1086 967 passiva
1102 875 1134 938 in
1151 878 1254 939 mixtis

133 986 223 1043 matr.
249 979 426 1042 assistentia
444 998 461 1040 6
481 979 602 1043 maximi
628 983 773 1044 momenti
797 978 1125 1067 rationibusinierius
1151 982 1253 1046 addo·
1309 974 1336 980 ”
1376 1028 1379 1037 .

135 1086 265 1159 cendia,
290 1089 320 1150 in
345 1085 490 1150 Dioecesi
516 1087 642 1150 necdum
661 1088 864 1171 promulgatis
881 1090 1109 1167 existentibus,
1136 1089 1175 1153 ad
1192 1090 1251 1153 ite-

134 1201 220 1259 ratas
246 1193 474 1293 modulatorum
491 1212 676 1278 sponsorum
693 1203 751 1259 nec
768 1213 830 1260 non
849 1205 1103 1282 cognatorumet
1118 1206 1254 1279 agnato-

134 1320 203 1366 rum
220 1305 383 1384 utriusque
401 1320 512 1383 preces
539 1304 709 1367 accedente
733 1305 786 1369 illo
803 1321 926 1386 quoque
944 1304 1070 1369 lundata
1087 1312 1189 1383 metu,
1213 1323 1253 1368 ne
1338 1366 1341 1371 .

136 1408 173 1472 ad
205 1428 312 1473 casnm
338 1408 515 1493 denegatae
540 1400 768 1476 benedictionis
793 1432 862 1475 curn
879 1411 1029 1475 scandalo
1046 1412 1181 1476 lidelinm
1198 1431 1254 1495 per

134 1517 309 1588 ministrum
326 1518 549 1590 acatholicum,
580 1525 672 1598 prout
689 1520 739 1582 hic
758 1538 820 1607 non
837 1536 910 1594 raro
927 1518 994 1583 lieri
1011 1521 1191 1593 consvevit,
1217 1538 1252 1583 se
1285 1530 1293 1541 ‘

135 1624 276 1706 copulari
313 1632 440 1698 curent,
468 1627 662 1689 matrimonio
688 1626 812 1688 illorum
837 1625 1029 1702 adstiterim,
1055 1642 1252 1708 sponsaeque

134 1732 384 1816 benedinerim,¹
407 1732 479 1814 quin
519 1733 697 1797 reversales
739 1741 791 1795 aut
823 1734 954 1796 iuratam
988 1736 1252 1797 assecurationem

136 1839 172 1901 de
190 1839 342 1903 catholice
361 1840 531 1904 educandis
548 1841 708 1922 utriusque
725 1857 821 1904 sexus
839 1837 977 1922 prolibus
996 1840 1033 1902 ab
1048 1841 1111 1904 illis
1126 1844 1253 1924 exegis-

105 1984 107 1988 -
135 1966 220 2024 sem,
254 1949 324 2028 quia
349 1954 514 2037 utrumque
540 1947 570 2008 in
596 1948 655 2009 lrac
681 1948 844 2030 provincia
870 1949 1012 2029 positivis
1045 1948 1168 2029 legibus
1194 1951 1251 2010 sub
1344 1962 1349 1977 ’

135 2056 224 2136 gravi
261 2058 361 2136 poena
393 2057 423 2118 in
450 2060 672 2118 contraeuntes
705 2054 818 2117 dictata
850 2055 1061 2134 prohibetur3'
1091 2057 1253 2137 signanter
1296 2102 1298 2107 ι
1350 2133 1352 2137 Ι

133 2179 210 2224 vero
237 2161 333 2244 Appr.
368 2162 473 2226 Const.
492 2162 523 2223 P.
545 2162 572 2223 1.
589 2161 621 2222 Τ.
640 2163 669 2222 5.
689 2160 793 2224 1114.
812 2167 843 2222 61
867 2161 962 2224 multo
989 2161 1104 2251 clarius
1122 2168 1177 2223 art.
1197 2160 1250 2224 57.
1332 2178 1337 2224 ·.

132 2287 157 2330 1.
180 2266 278 2330 1191.
297 2270 504 2349 praecipitur:
528 2268 589 2345 „ut
606 2269 710 2350 proles
729 2289 746 2332 6
764 2269 966 2332 diversarum
988 2267 1174 2350 religionum
1191 2285 1249 2351 pa·

129 2373 275 2439 rentibus
294 2378 361 2438 sive
379 2378 482 2438 mixtis
500 2384 586 2438 matr.
614 2375 830 2456 suscipiendae
857 2393 972 2439 sexum.
992 2393 1117 2439 sucrum
1134 2393 1251 2458 paren-

125 2486 193 2546 tum
211 2489 447 2564 sequantur,.et
465 2485 619 2548 masculae
636 2486 666 2546 in
684 2483 794 2564 patris,
813 2483 978 2546 loemellae
997 2501 1073 2546 vero
1090 2484 1124 2546 in
1142 2484 1250 2546 matris

124 2608 210 2653 suae
224 2588 381 2671 religione
399 2568 589 2660 educentur,
609 2597 639 2652 et
654 2587 865 2671 baptisentur,
889 2589 1100 2652 contractibus
1116 2589 1251 2667 quibus-

123 2701 177 2762 vis
196 2695 323 2779 -per'
339 2716 537 2779 consequens
564 2704 595 2760 et
616 2697 838 2779 sponsionibus
857 2729 894 2738 -
914 2698 945 2758 in
962 2688 1150 2759 contrarium
1177 2681 1252 2761 nihil
1290 2762 1293 2767 ,

123 2804 332 2869 valentibus“
343 2825 352 2881 ;
379 2812 409 2865 ct
435 2805 636 2868 conformiter
661 2806 733 2867 huic
753 2804 816 2886 legi
835 2822 861 2865 a.
882 2802 975 2866 1192.
993 2802 1053 2866 Sua
1072 2801 1140 2886 llaj.
1159 2801 1251 2868 SSma

111 2909 205 2978 ben.
223 2911 392 2992 =Rcscripto
416 2913 515 2993 Regio
540 2914 711 2977 clementer
728 2911 896 2994 prohibere
914 2912 1039 2994 dignata
1057 2917 1123 2988 est,
1141 2929 1182 2974 ne
1196 2931 1251 2976 re-

125 3019 279 3086 versales
296 3039 311 3082 a
330 3021 580 3101 nupturientibus
603 3013 642 3081 de
660 3015 814 3081 'catholice
835 3016 1005 3081 educandis
1021 3017 1162 3098 prolibus
1180 3019 1252 3081 cxi·
1271 3037 1273 3041 ’

124 3134 249 3212 gantur
261 3149 270 3205 ;
296 3127 378 3209 quod
405 3124 636 3189 1111111111
665 3123 761 3188 1802.
789 3130 819 3184 61
836 3123 1001 3205 subsequis
1023 3123 1112 3186 annis
1129 3125 1252 3204 saepius

119 3237 301 3318 vrepetitum
328 3242 385 3297 est.
427 3234 554 3297 Interim
579 3234 666 3296 firma
691 3249 762 3313 spes
788 3250 837 3294 me
863 3232 933 3303 alit,
960 3222 1064 3313 proles
1090 3232 1250 3311 utriusque

127 3361 232 3409 sexus
258 3344 366 3425 horum
392 3360 633 3426 neogamcrom,
654 3335 687 3404 si
710 3342 793 3403 Deus
811 3339 870 3402 illis
888 3339 1085 3401 benedixerit
1096 3385 1110 3419 ,Ι
1121 3339 1152 3400 11
1170 3337 1250 3400 cath.
1346 3390 1349 3397 a

127 3451 290 3534 religione
308 3471 346 3516 eo
362 3453 463 3532 magis
480 3450 678 3523 educandas,
697 3450 785 3534 lore,
804 3448 885 3530 quod
918 3445 1127 3529 saepiuslalae
1144 3446 1250 3507 Comi-
1310 3465 1315 3469 ·

133 3563 236 3624 tissae
254 3558 292 3618 nd
319 3555 492 3637 exemplum
509 3558 556 3619 avi
574 3558 622 3618 sni
639 3555 769 3617 materni
786 3552 818 3615 C·
838 3553 966 3635 Georgii
987 3551 1107 3633 Ba'nlly,
1130 3551 1251 3614 Trans·
1353 3565 1358 3572 ·

130 3669 286 3734 silvaniae
303 3669 407 3747 magni
425 3661 556 3728 nominis
575 3646 646 3728 clim
668 3663 893 3729 Gubernatoris
910 3662 1100 3744 peculiarem
1116 3658 1252 3722 hucdum
1299 3645 1303 3650 ’

130 3774 292 3857 Religioni
309 3772 486 3837 Catholicae
503 3771 724 3849 adhaesionem
741 3769 994 3841 observaverim,
1025 3767 1079 3830 sed
1107 3785 1165 3831 nec
1191 3784 1251 3850 ego

132 3888 320 3950 intentatum
345 3880 518 3962 relinquam
543 3879 727 3959 quidquam,
753 3877 837 3958 quod
863 3879 942 3940 citra
964 3875 1068 3959 legum
1085 3868 1264 3955 patriarum
1316 3880 1320 3887 '

132 3991 308 4074 laesionem
339 3984 567 4069 lieri'poterit',
609 3994 642 4048 11
674 3986 816 4050 educatio
847 3987 879 4047 in
911 3983 1063 4046 catholica
1095 3974 1258 4065 religione*
1355 4002 1358 4009 ¹

134 4098 336 4179 suscipiatur.
1259 4102 1262 4109 ’

112 4200 116 4209 '
226 4207 371 4280 Quamvis
389 4210 489 4267 autem
506 4205 650 4289 passiva,
672 4209 704 4267 ut
721 4201 781 4266 dici
798 4207 888 4273 amat,
906 4195 1131 4291 assistentiam
1148 4196 1265 4286 mixtis*

132 4314 268 4379 matrim.
287 4310 325 4376 ad
339 4290 550 4394 impediendas
571 4310 659 4382 etiam
685 4309 788 4374 11116
814 4306 989 4370 orthodoxa
1019 4303 1252 4385 frequentiores
1278 4324 1283 4334 ·

134 4421 335 4503 delectiones
349 4422 383 4504 in
401 4418 460 4498 hoc
477 4418 671 4507 diversarum
681 4416 868 4500 religionum
882 4419 914 4479 et
924 4413 1158 4478 confessionum
1170 4408 1253 4487 nido,
1337 4442 1340 4447 ·
1386 4403 1390 4409 ’
