2798 4860
574 264 836 368 ...57οέ

131 491 202 556 siae
223 490 384 555 formulam
409 487 642 572 interrogetur,
669 506 707 551 an
724 495 843 570 partem
861 489 1009 562 alteram,
1038 506 1166 571 quocum
1181 506 1234 550 nr·

109 652 111 656 .
139 598 359 663 trimonialiter
385 597 531 680 coniungi
558 595 734 670 desiderat,
762 602 862 675 amet,
887 594 979 677 eique
996 593 1036 658 ad
1053 595 1237 658 mortemad·

136 705 287 781 haerere,
324 705 469 786 illamque
500 705 584 769 nullo
618 703 674 767 sub
706 710 881 786 praetextu¹
903 704 1058 768 deserere
1090 702 1182 774 velit,
1210 722 1237 766 ac

1 807 4 813 '
48 853 51 857 -
135 811 264 896 proinde
290 814 327 876 ad
353 813 518 877 ineundum
535 813 592 876 sub
608 812 657 874 his
674 811 902 876 conditionibus
929 818 1128 874 contractum
1144 813 1237 872 metri-

4 916 8 929 ‘
128 921 299 1016 'monialem
316 919 405 1000 plena
424 937 491 982 cunr
509 919 653 982 libertate
670 937 705 981 se
722 916 931 981 determinare
948 916 1063 990 valeat,
1075 922 1240 980 contractus
1267 966 1269 971 .

70 1103 73 1107 ‚
134 1045 212 1090 vero
225 1023 398 1090 istiusmodi
416 1045 472 1109 per
488 1027 578 1109 leges
594 1028 710 1106 patrias
728 1043 922 1107 nequaquem
939 1024 1090 1107 prohibiti
1114 1023 1240 1086 insensu

38 1140 41 1146 ’
135 1133 312 1197 earumdem
346 1151 451 1196 coram
476 1133 621 1213 parochis
654 1116 815 1195 catholicis
841 1131 979 1213 legitime
1011 1129 1085 1193 iniri
1117 1131 1239 1212 possint:
1269 1118 1272 1123 ⁴

117 1230 120 1236 ’
137 1248 283 1324 apparet,
310 1257 437 1322 prorsus
454 1239 638 1321 superfluam
654 1222 871 1303 loreminist'ri
889 1237 1022 1301 alterius
1039 1235 1239 1301 confessionis

125 1348 265 1429 ,activam
299 1349 508 1428 praesentiam
534 1354 565 1410 et
591 1348 865 1429 cooperationem
902 1379 941 1392 -
964 1349 1129 1426 posterius
1155 1353 1240 1407 auten

134 1456 225 1529 ideo,
252 1455 323 1537 quia
341 1456 566 1520 matrimonium
585 1473 644 1536 qua
662 1455 892 1518 Sacramentum
909 1451 1051 1516 Minister
1069 1458 1239 1534 protestan-

133 1565 214 1626 ticus
231 1563 368 1644 alioquin
385 1582 449 1627 non
464 1563 619 1645 agnoscit,
639 1580 742 1643 neque
760 1561 974 1645 administrare
1002 1566 1127 1640 potest·
1148 1559 1240 1622 Mirum

133 1668 275 1750 prolecto
302 1666 403 1731 videri
429 1669 540 1744 debet,
568 1669 784 1731 Protestantes
806 1669 836 1730 iu
855 1686 892 1730 eo
911 1668 1048 1730 lo'rvnare
1067 1685 1238 1749 gravamen.

135 1774 215 1856 quod
234 1774 427 1855 matrimonia
445 1775 536 1837 mixta
554 1776 647 1839 unice
665 1792 770 1838 coram
781 1775 926 1856 parochis
938 1774 1103 1837 catholicis
1114 1775 1240 1836 ineantur

134 1883 171 1945 ah
187 1884 288 1963 iisque
298 1881 491 1965 copulentur
502 1906 509 1959 ;
535 1882 789 1963 quemadmodum
809 1881 888 1944 enim
907 1882 1123 1944 Protestantes
1140 1880 1240 1945 nullum

55 2042 58 2049 .
133 2006 304 2070 gravamen
331 1997 462 2052 cernunt
489 1991 520 2052 in
538 2009 594 2061 eo,
622 1990 704 2070 quod
732 1989 892 2053 Catholici·
905 1989 1030 2052 diversa
1049 1990 1124 2053 licet
1142 1990 1178 2051 ab
1193 1988 1239 2050 illis

131 2095 281 2182 principia
308 2096 410 2177 quoad
436 2096 622 2160 Matrimonii
648 2079 878 2185 Sacra-mentum
904 2103 1052 2160 tenentes
1080 2114 1149 2160 eum
1174 2096 1240 2158 Pro·

131 2204 314 2266 testantibus
342 2206 495 2268 connubia
523 2206 603 2268 inire
629 2207 770 2287 possint,
804 2205 840 2290 ign
862 2205 979 2267 frustra
1005 2210 1137 2287 nectunt
1160 2201 1238 2266 iidem

133 2316 345 2392 protestantes
373 2312 485 2375 exinde
512 2330 699 2395 gravamen,
728 2311 810 2393 quod
833 2307 985 2374 Catholici
1004 2313 1177 2375 occasione
1192 2327 1239 2372 co-

131 2417 296 2500 pulationis
313 2435 388 2481 suae
407 2439 474 2483 cum
485 2421 630 2502 personis
647 2411 880 2498 protestanticis
892 2437 909 2481 e
920 2435 1017 2482 sensu
1035 2418 1242 2501 principiomn

131 2523 359 2588 Catholicorum
376 2526 528 2589 duntaxat
544 2523 724 2590 Sacerdotis
741 2523 891 2588 Catholici
913 2542 1007 2605 opera
1028 2546 1067 2587 ac
1084 2526 1241 2588 ministerio

130 2640 263 2696 utantur.
290 2633 439 2706 Accedit,
472 2634 554 2715 quod
571 2652 643 2716 pars
660 2633 908 2697 contrahentium
927 2634 1152 2698 noncatholica
1168 2635 1240 2696 iura·

131 2746 263 2801 mentum
276 2742 366 2822 juxta
383 2742 540 2821 propriam
559 2759 633 2803 suae
651 2740 862 2805 confessionis
888 2739 1056 2805 formulam
1074 2759 1240 2822 nuncupare

83 2831 86 2835 ⁴
131 2846 241 2919 soleat,
253 2847 328 2909 nihil
342 2850 570 2929 autemgohstet,
589 2851 751 2929 quominus
762 2849 967 2912 iuramentum
979 2851 1161 2914 secundum
1175 2851 1238 2911 hanc

131 2952 292 3016 formulam
318 2963 436 3036 aparte
462 2958 687 3036 protestantica
715 2956 889 3019 Catholicus
916 2956 1079 3020 Parochus
1108 2959 1238 3037 excipere

28 3098 30 3101 ,
129 3057 240 3121 valeat.
274 3061 391 3134 Quodsi
418 3062 538 3125 demum
566 3063 780 3149 Protestantes
810 3066 841 3126 in
867 3082 904 3124 co
932 3061 1069 3127 credunt
1092 3067 1236 3127 iustumso

9 3167 11 3171 ’
96 3195 98 3198 <
130 3167 268 3231 l'ormare
286 3186 380 3249 posse
398 3188 577 3252 gravamen,
596 3172 768 3249 quodstola
786 3188 906 3250 semper
922 3172 1075 3251 parochis
1094 3169 1235 3234 catholicis

5 3356 9 3366 Ι
34 3312 38 3318 -
128 3275 290 3336 obveniat:
325 3280 522 3356 reponimuS,
549 3294 627 3351 nos,
656 3281 794 3358 quamvis
822 3286 884 3341 tum
911 3297 952 3340 ex
968 3279 1079 3341 indole
1097 3282 1163 3350 rei,
1187 3285 1233 3338 tun

23 3385 25 3389 '
122 3381 211 3462 juxta
228 3383 429 3464 Evangelium
457 3404 579 3448 merces
606 3388 730 3449 nonnisi
755 3389 919 3468 operario,
949 3404 985 3446 ac
1004 3388 1097 3467 proin
1116 3383 1231 3471 parocho

125 3489 278 3552 catholico
309 3509 367 3571 qua
395 3494 580 3555 ministranti
607 3496 674 3556 iure
706 3498 880 3574 competat,
907 3492 1033 3555 alienos
1064 3495 1103 3555 ah
1130 3510 1166 3556 eo
1185 3507 1231 3552 non

92 3602 97 3612 ‘
127 3599 217 3669 e'sse,
237 3606 269 3660 ut
286 3598 442 3661 dimidium
461 3602 561 3662 stolae
580 3600 720 3681 Ministro
738 3599 969 3662 Protestantico
987 3601 1092 3664 cedat.
1120 3634 1155 3643 -
1180 3598 1231 3660 h'oo

126 3709 169 3770 od
193 3709 384 3769 secundum.-
417 3710 488 3789 quia
514 3709 598 3770 iuxta
623 3709 772 3788 principia
801 3706 1035 3770 Gallotioornrn
1070 3712 1228 3771 contractus

38 3898 41 3903 Ι
125 3814 358 3876 matrimonialis
395 3816 435 3877 ihi
469 3815 549 3878 solvi
575 3815 685 3888 debet,
711 3817 761 3877 uhi
788 3814 922 3888 coaluit;
955 3817 1017 3876 iam
1050 3834 1129 3878 vero
1154 3814 1228 3876 uinta

40 3915 42 3921 ’
126 3922 318 3984 matrimonia
336 3921 508 3985 ministerio
525 3924 655 4007 parochi
672 3923 816 4007 catholici
844 3922 1051 3997 coalescunt,
1079 3926 1171 4006 igitur
1192 3924 1229 3983 iu·

40 4082 47 4087 ,
126 4033 210 4120 storo
223 4038 281 4103 est,
299 4037 331 4093 ut
349 4033 440 4092 etiam
456 4032 624 4113 perlorum
641 4030 871 4094 Catholicorurn
890 4033 1056 4109 spirituale
1076 4034 1228 4097 solvantur,

127 4133 254 4216 insuper
270 4136 300 4197 in
328 4137 527 4213 Canonibus,
555 4141 605 4219 qui
629 4138 666 4199 de
691 4139 899 4218 competentia
918 4136 1041 4202 Judicis
1062 4145 1186 4207 sonant,
1208 4140 1229 4194 tl

127 4237 164 4298 ad
182 4257 258 4317 quos
276 4247 306 4304 iu
323 4242 448 4308 defectu
467 4246 606 4326 quolibet
624 4246 699 4307 iuris
719 4246 820 4307 civilis
839 4247 1006 4328 hungarici
1023 4244 1228 4312 recurrendum

127 4353 194 4419 est,
221 4351 385 4428 signanter
413 4353 484 4430 Cap.
513 4354 543 4416 6.
572 4354 610 4416 de
637 4353 742 4416 Maior.
772 4360 800 4414 et
823 4353 915 4415 obed.
937 4386 976 4398 -
999 4356 1076 4418 Can.
1096 4357 1228 4422 Daosvnt

36 4449 40 4454 ’
128 4450 196 4514 dist.
215 4451 272 4515 96,
290 4489 326 4500 -
347 4477 411 4541 cap.
440 4459 492 4523 42.
512 4462 550 4525 de
568 4469 646 4527 sent.
665 4468 818 4526 excomm.
836 4463 866 4525 iu
885 4461 934 4525 vl.
954 4465 1126 4528 statuitur:
1157 4469 1184 4524 ut
1198 4474 1225 4518 ne
