2798 4852
369 308 372 315 .
495 245 746 322 V-lbl-

10 514 12 527 Ι
70 439 191 507 diendis
206 459 269 507 non
294 441 451 525 pendeat,
478 460 621 526 quaeque
638 444 684 508 his
701 444 871 508 innituntur
903 444 1075 509 canonicae
1105 460 1182 507 san·

10 582 28 621 ·¹
75 550 187 614 ctiones
202 549 302 614 seculi
320 549 450 614 arbitrio
468 570 504 616 ac
519 551 639 635 placitis
656 551 790 617 debeant
802 549 1010 616 accomodari.
1022 572 1120 629 †
1141 586 1179 596 -

77 654 210 722 llittimns
226 657 286 723 alia
304 666 390 723 certe
407 677 468 723 non
485 658 586 733 levia,
605 678 684 743 quac
712 659 818 723 taedet
834 659 884 724 lric
900 648 1030 743 longius
1051 677 1180 724 cnumc-

81 784 150 830 rare.
168 801 203 812 -
224 800 264 811 -
281 767 320 830 Et
335 785 411 831 sane
428 769 501 851 quid
519 776 569 832 tua
586 769 638 831 illa
655 767 795 833 dillicilis
811 786 847 831 ac
863 769 1002 831 renitens
1012 768 1094 833 ratio
1111 785 1180 832 cum

85 873 226 939 catholicis
242 874 393 956 probatae
408 876 530 939 virtutis
541 878 609 941 sivo
619 875 708 940 laicis
719 878 784 938 sive
801 873 937 953 clericis,
953 877 1045 939 oliam
1058 877 1179 939 anima-

87 984 443 1064 rnmcnraepraeposit's‚
456 984 565 1066 quibus
578 983 616 1046 de
636 1003 671 1048 re
688 983 761 1047 licet
779 978 965 1065 gravissima
992 981 1179 1047 coniunctim

88 1097 160 1171 atqne
173 1090 285 1153 iterato
295 1088 526 1155 consulentibus
537 1091 650 1155 nullam
662 1093 898 1175 responsionem
915 1088 1055 1154 dedisti?
1071 1089 1177 1164 Quor-

87 1197 401 1262 snnaoteuriacilisac
418 1217 573 1282 propensa
585 1219 654 1264 curn
682 1199 873 1263 Acatbolicis
890 1196 1112 1263 consuetudo?
1135 1234 1178 1244 -

41 1362 46 1371 .
86 1303 175 1369 lernen
190 1313 329 1386 praesint
354 1306 592 1371 Frateruitatem
609 1308 702 1372 Tuam
721 1325 837 1390 unger-c
854 1308 891 1371 iis
910 1309 985 1388 ipsis
1003 1326 1044 1369 ex
1061 1307 1175 1373 causis.

44 1406 53 1499 Ἰ
85 1410 365 1494 quibosmanilestas
377 1421 409 1476 et
420 1413 502 1479 nullo
514 1422 605 1495 pacto
616 1412 816 1499 denegandas
833 1417 863 1478 in
879 1413 1031 1478 Pastorali
1048 1426 1176 1477 munere

10 1596 12 1602 Ι
83 1522 248 1586 omissiones
281 1521 481 1585 accensuisti.
514 1522 656 1587 Proiecto
681 1542 748 1587 eam
784 1541 856 1587 esse
891 1520 969 1587 dicis
1003 1529 1098 1605 atque
1134 1521 1175 1586 ita

10 1673 16 1715 3
47 1612 50 1617 ’
81 1627 263 1693 inveteratam
298 1630 486 1695 valetudinis
521 1639 590 1695 tuae
625 1631 848 1705 infirmitatem,
875 1638 907 1694 ut
931 1648 987 1711 per
1012 1629 1173 1712 proximos

10 1782 17 1823 p
58 1740 61 1747 '
80 1735 197 1818 iqrimis
212 1755 336 1814 annos,
353 1742 420 1804 tere
436 1740 591 1804 sciliceta
608 1748 754 1823 suscepto
771 1740 980 1822 Episcopatu,
1012 1756 1075 1802 nou
1096 1737 1174 1801 satis

81 1843 148 1910 berit
162 1849 277 1912 virium
294 1848 333 1911 ad
350 1848 480 1931 quodvis
496 1850 688 1914 laboriosum
704 1848 840 1913 cilicium
862 1847 1049 1911 obeundum.
1074 1844 1173 1911 Addis

10 1996 16 2036 1
53 1953 1171 2039 ‚contemnanturposteteertenemtuamtantumcditarqueintensto·
1267 1954 1271 1963 '

10 2104 18 2146 ς
52 2108 56 2115 .
86 2061 193 2148 sirpud
214 2064 530 2148 subiectumgregem
552 2067 626 2129 inte
643 2062 871 2147 prodiisse,ut
894 2063 995 2125 omnia
1013 2061 1052 2124 ad
1078 2062 1170 2125 vitam
1253 2134 1256 2141 ¹
1352 2064 1378 2123 '.

10 2212 16 2255 ,
89 2172 262 2254 censesque
280 2179 349 2236 tuas
367 2173 547 2255 culpandas,
566 2191 624 2256 qua
637 2190 715 2236 voco
733 2165 931 2254 quasscripto,
947 2168 1048 2254 palnrn
1066 2169 1171 2233 inteu-

10 2332 47 2367 .,
88 2276 211 2345 hatur.
239 2315 279 2324 —
305 2280 473 2345 Concludis
500 2280 622 2345 tandem
648 2279 737 2342 binas
754 2296 807 2342 cas
824 2295 936 2342 causas
952 2277 1009 2342 tibi
1024 2278 1169 2359 pertina-

86 2386 175 2452 usne
191 2388 332 2462 obstare,
350 2391 513 2472 quominus
530 2407 615 2471 spem
631 2387 760 2469 amplius
777 2387 886 2450 foveas
904 2384 1053 2449 salutaria
1073 2383 1165 2448 dioe-

10 2540 12 2558 ,
58 2546 61 2553 .
83 2494 121 2558 co
133 2498 265 2581 plurima
281 2497 448 2561 efficiendi.
465 2499 561 2563 Porro
579 2500 768 2574 animorum,
785 2513 885 2578 quam.
902 2494 1040 2565 adducis.
1071 2511 1168 2568 aver·

81 2599 108 2664 tio
118 2606 225 2687 quibus
235 2624 293 2688 per
309 2612 339 2669 te
351 2606 426 2669 libet
436 2610 539 2670 causis
551 2605 713 2684 tribuatur,
732 2604 815 2670 nbsti
831 2611 933 2695 tampn
945 2601 1162 2687 proculdubio

81 2703 199 2777 bunum
225 2732 266 2776 ex
283 2721 391 2796 aperto
407 2715 492 2780 ioris
518 2715 667 2779 Canonici
684 2730 781 2778 sensu
798 2711 967 2784 sufficere,
993 2717 1027 2773 ut
1044 2709 1166 2792 quitali

78 2810 220 2886 infortunio
236 2821 379 2902 subjacet
395 2820 586 2903 Episcopus,
612 2840 742 2892 munus,
768 2820 820 2885 cui
837 2820 1003 2884 salubriter
1019 2814 1163 2901 gerendo

76 2924 164 3007 tunde
190 2928 290 3010 impar
315 2929 518 3010 agnoscitur,
547 2928 688 2993 dimittat.
717 2962 757 2974 -
783 2926 879 2992 Vides
905 2926 1055 3011 proinde,
1088 2924 1164 2987 Ven.

10 3116 12 3121 Ι
68 3019 169 3108 irater,
196 3054 235 3100 eo
252 3042 283 3098 te
299 3034 460 3100 redactum
477 3053 562 3106 esse,
588 3044 622 3101 ut
638 3035 800 3119 perpensis
817 3033 855 3096 ad
873 3035 1020 3098 trutinam
1039 3049 1080 3094 ss.
1098 3034 1162 3096 Ca-

10 3128 15 3139 ’
57 3141 163 3204 ¹¹⁰nmn
178 3144 238 3218 iis,
264 3143 390 3224 quaein
406 3145 451 3207 tui
475 3141 686 3208 defensionem
711 3142 914 3224 significasti,
940 3147 1006 3204 tuto
1024 3140 1153 3204 consci-

47 3246 133 3313 eotia
163 3269 303 3334 nequeas
329 3253 361 3316 in
388 3252 536 3335 pastorali
563 3254 783 3335 procuratione
815 3244 935 3313 diutius<
961 3265 1161 3328 permanere.

36 3328 209 3440 Reliquum
226 3360 323 3441 igitur
340 3368 397 3433 est,
415 3367 448 3423 ut
464 3361 518 3423 tibi
536 3360 691 3443 gregique
708 3367 762 3424 tuo
780 3357 958 3428 consulens,
976 3354 1162 3437 Episcopale
1232 3392 1235 3397 ·

29 3447 357 3548 0¹licium--sponte
372 3468 527 3550 resignes.
544 3468 648 3549 Atque
663 3466 694 3529 id
707 3465 905 3529 Fraternitati
923 3470 995 3527 tuae
1006 3480 1062 3543 pro
1082 3480 1162 3543 apo·
1245 3506 1248 3515 ·

24 3557 176 3638 st(alicae
195 3574 412 3639 sollicitudinis
429 3575 533 3640 debito
550 3575 730 3647 suadentes,
749 3573 872 3637 minime
888 3572 1161 3653 praetermittimus

20 3651 72 3724 ιθ
98 3678 196 3763 ipsum
220 3701 329 3747 rursus
358 3683 545 3781 admonere,
570 3684 721 3767 simulque
742 3685 775 3748 iu
799 3681 933 3746 Domino
959 3680 1161 3744 vehementer
1236 3707 1261 3731 v

19 3769 214 3866 ⁰btestari‚
245 3797 279 3854 nt
296 3787 453 3874 'paternae
477 3793 550 3859 huic
581 3793 720 3859 suasioni
752 3792 932 3872 obsequens
963 3788 1159 3852 durissimam
1279 3840 1281 3846 ,
1315 3820 1317 3827 1

19 3881 148 3960 alairoo
172 3906 283 3964 nostro
309 3907 436 3965 avertas
453 3901 671 3966 necessitatem
687 3919 725 3964 ea
742 3897 874 3964 consilia
891 3895 1051 3977 capiendi,
1071 3912 1158 3975 ‘quae

27 3992 340 4089 gravissimaeque
356 4026 393 4071 ac
409 4006 500 4072 nobis
515 4009 621 4075 futura
638 4011 719 4085 sint3
736 4005 775 4070 ad
792 4022 872 4088 qnae
887 4011 1010 4079 tamen,
1035 4004 1061 4066 si
1078 4019 1157 4086 opus

32 4082 156 4186 tlIatrit,
179 4117 285 4197 parati
297 4111 422 4190 sumus,
447 4134 487 4181 ne
502 4115 661 4182 districtus
676 4113 779 4179 ludex
800 4129 877 4178 oves
892 4111 1014 4176 incuria
1032 4128 1156 4193 quoque

48 4213 159 4313 nostra
175 4218 356 4298 deperditas
382 4223 421 4303 de
446 4243 538 4288 manu
563 4225 657 4287 etiam
682 4229 790 4287 nostra
815 4219 964 4301 requirat.
988 4217 1156 4283 -Datum

55 4303 381 4396 bonaccursus
412 4331 505 4396 isco.

509 4503 710 4519 m
