2798 4852
498 249 741 329 -537—

58 446 156 512 uendi
171 447 301 511 facultas
317 448 417 513 literis
435 446 615 513 Praesuleis
635 447 685 513 19.
704 446 777 516 llaii
802 450 937 533 signatis
963 457 1079 534 negata
1104 449 1183 514 luis·
1259 488 1264 495 -

58 561 120 634 set,
137 556 168 618 iu
186 555 353 621 obversum
370 556 460 620 buius
477 556 565 620 vetiti
582 574 650 620 oum
663 554 822 620 manifesta
840 557 1013 621 canonicae
1030 554 1183 622 obedien·

57 665 120 728 tiae
136 657 307 728 violatione
324 661 502 728 educatoris
519 666 627 745 privati
644 666 730 728 vices
746 667 865 748 privata
878 665 1061 730 auctoritate
1077 667 1182 729 susci-

56 792 135 856 pere
151 789 268 855 easque
284 789 379 857 porro
396 771 485 836 obire
501 774 746 853 praesumseris;
769 776 829 837 imo
855 773 968 837 iactata
995 777 1180 846 cunctorum

58 880 319 946 dioecesanorum
335 879 559 953 beneficiorum
576 880 816 946 renunciatione
834 899 850 943 a
878 879 1050 944 sacerrimo
1067 877 1181 942 obedi·
1284 900 1288 911 ·

57 987 164 1052 entiae
181 986 357 1051 solenniter
382 986 412 1049 in
438 993 618 1070 perpetuum
645 984 820 1070 desponsae
846 985 971 1050 vinculo
988 985 1031 1048 Te
1048 984 1180 1049 solutum

58 1110 267 1161 assevesano
285 1095 416 1159 oonsilio
434 1093 674 1168 existimaveris,
693 1097 868 1175 spretisque
880 1100 925 1156 tot
935 1093 993 1157 iam
1008 1095 1039 1156 in
1056 1094 1181 1160 'secrato

58 1209 91 1266 et
107 1203 252 1285 privatim
278 1200 371 1265 sactis
400 1219 474 1264 vero
500 1203 638 1283 paternis
656 1200 812 1265 Ordinarii
830 1203 875 1264 tui
891 1200 1049 1264 Praesulis
1065 1198 1180 1263 adhor-

40 1343 44 1353 ·
58 1310 240 1387 talionibus,
258 1308 399 1373 consiliis
415 1311 509 1382 sanis,
528 1316 560 1373 et
577 1309 866 1392 redargutionibus,
883 1289 1047 1390 postremis
1059 1325 1181 1388 quoquo

57 1417 152 1485 iussis
168 1415 200 1482 8.
217 1417 301 1480 lunii
318 1419 389 1480 anni
408 1432 500 1497 supra
519 1418 616 1481 notati
632 1419 787 1480 emanatis
805 1424 898 1496 teque
909 1433 1022 1491 severe
1036 1415 1181 1480 obstrin-

57 1529 217 1613 gentibus,
234 1547 348 1610 parcre
365 1528 608 1606 detrectaveris,
626 1528 796 1609 taliterque
811 1527 952 1609 paternis
963 1527 1079 1592 studiis
1087 1528 1181 1608 inge·

57 1638 143 1701 nium
160 1634 295 1701 indocile
309 1682 317 1709 ,
330 1684 333 1691 .
345 1635 469 1699 monitis
487 1636 722 1700 instantissimis
738 1653 795 1700 cor
810 1637 1000 1711 induratum,
1027 1632 1180 1703 mandatis

57 1743 154 1807 firmis
172 1744 303 1807 animum
331 1742 482 1806 rebellem
508 1761 545 1805 ac
561 1742 781 1808 retractariurn
800 1759 979 1827 opponere,
1001 1743 1066 1811 ,imo
1082 1757 1180 1822 usque
1228 1722 1231 1727 ⁸

57 1849 97 1915 ad
112 1855 314 1932 praesentem
331 1847 413 1912 diem
428 1849 461 1913 in
478 1848 708 1913 inobedientiae
720 1850 892 1913 canonicae
909 1848 1087 1913 detestabili
1103 1865 1179 1910 sce-

56 1957 127 2020 lere
143 1964 230 2020 tauta
247 1957 397 2039 temporis
414 1956 618 2022 diuturnitate
634 1964 697 2020 tam
713 1957 806 2041 impio
818 1957 979 2020 etnelario
991 1973 1068 2019 ausu
1084 1971 1180 2036 porro
1261 1952 1263 1957 '

57 2082 278 2147 perseverare,
296 2065 426 2127 consilia
443 2082 518 2127 vcro
536 2070 567 2126 et
585 2063 687 2127 studia
697 2062 858 2144 perfidiae,
875 2065 1067 2143 interruptae
1077 2060 1181 2124 eccle·

56 2171 204 2236 siasticae
220 2170 462 2243 communionis,
492 2190 551 2234 nec
576 2188 638 2235 non
656 2169 824 2235 damnosae
850 2189 950 2254 poena
967 2169 1082 2252 dignae
1098 2167 1178 2231 resi·

56 2275 203 2351 stantiae,
220 2284 252 2339 et
268 2275 446 2341 obfirmatae
464 2277 660 2358 pervicaciae
677 2279 845 2358 specimina
864 2295 925 2342 non
936 2280 1005 2341 sinc
1021 2283 1180 2348 contemtu

10 2426 14 2435 «
57 2391 90 2448 et
106 2384 269 2448 manifesta
286 2384 495 2464 vilipensione
512 2383 679 2448 Potestatis
690 2384 936 2454 Ecclesiasticae
953 2384 1109 2466 propalam
1121 2363 1181 2446 dess

57 2509 226 2575 promere,
249 2498 343 2572 atque
359 2509 427 2554 cum
444 2492 532 2574 gravi
549 2492 652 2574 populi
669 2491 769 2556 fidelis
787 2491 935 2558 scandalo
952 2492 1075 2574 publice
1093 2491 1182 2580 exbi-

57 2602 138 2666 berc
155 2613 218 2664 non
238 2600 463 2679 exhorrueris3
488 2601 558 2680 quia
574 2617 650 2662 vero
666 2600 744 2675 Tibi,
760 2600 900 2665 dioecesi
910 2599 1107 2663 Neosoliensi
1124 2616 1181 2680 per

56 2708 258 2791 adoptionem
275 2707 421 2783 adlecta,
448 2714 683 2788 consequenter
699 2708 914 2774 iurisdictioni
938 2705 1180 2771 Ecclesiasticus

55 2833 116 2899 per
131 2817 344 2898 receptionem
360 2816 404 2880 tui
422 2815 599 2881 omnimode
619 2814 770 2892 subiecto,
789 2835 806 2880 e
823 2816 1029 2898 dispositione
1046 2813 1099 2880 SS.
1118 2812 1180 2885 Cae

56 2939 174 2988 nonum
191 2931 223 2987 et
239 2923 361 3005 patriae
373 2924 479 3006 legum
496 2924 694 2988 strictissima
706 2925 909 2989 obedientiae
921 2923 1092 2988 canonicae
1103 2921 1180 2986 obli-

54 3033 142 3114 gatio
158 3032 305 3095 incumbit
314 3051 324 3108 ;
349 3030 585 3094 ecclesiasticae
611 3050 690 3096 vero
717 3033 948 3096 communionis
973 3032 1177 3095 sacerrimum

26 3147 30 3153 '
57 3138 217 3203 vinculum
234 3137 411 3219 periculose
422 3139 543 3210 laxare,
562 3145 614 3202 aut
631 3138 723 3220 plane
740 3157 884 3218 rumpere
894 3156 958 3202 non
969 3138 1088 3219 absque
1100 3136 1181 3199 abo·
1223 3176 1229 3192 ,

56 3232 194 3310 rainabili
212 3247 389 3316 schismatis
406 3248 566 3330 impietate
583 3247 622 3310 sit
639 3243 760 3330 grande
769 3246 861 3319 nefas
877 3246 1109 3309 ethcrrendum
1121 3264 1181 3329 pe·

55 3352 209 3418 siculum:
233 3354 275 3417 l'c
301 3356 407 3436 potius
426 3353 636 3418 obedientiam
656 3353 792 3427 Domini,
820 3354 871 3434 qui
888 3353 987 3416 lactus
1004 3360 1053 3417 est
1070 3352 1192 3416 obedi-·

59 3476 118 3523 ens
136 3478 237 3542 usquc
255 3459 293 3524 ad
311 3469 452 3535 mortem,
480 3468 610 3526 mortem
628 3467 731 3524 autem
748 3463 861 3534 crucis,
887 3455 1180 3543 imitari'oporteat:

56 3586 239 3648 memorque
256 3571 378 3642 moniti,
396 3569 478 3651 quod
498 3570 548 3632 dat
563 3568 592 3632 S.
606 3567 919 3652 ignatius,'Apostoli
932 3571 1069 3633 caritatis
1079 3569 1180 3634 loan-

56 3675 109 3738 nis
121 3674 309 3759 discipulus,
326 3675 522 3752 „divisiones
539 3677 654 3760 lugite,
672 3679 752 3746 sicut
766 3676 949 3759 principium
966 3677 1099 3740 omnium
1118 3695 1180 3738 ma·

56 3784 183 3847 lorum“
199 3785 309 3847 deceat
324 3784 453 3847 obedire
471 3783 633 3868 Episcopo,
646 3793 676 3849 et
693 3787 724 3849 in
741 3785 825 3850 nullo
843 3787 871 3848 si
889 3784 1056 3866 refragari,
1070 3771 1178 3867 quem·
1250 3783 1252 3786 ⁴

59 3889 227 3953 admodum
261 3891 409 3955 Dominus
442 3883 511 3955 sine
529 3894 615 3955 Patre
633 3891 707 3955 nibil
724 3891 816 3964 facit,
841 3893 886 3955 sic
913 3898 944 3954 et
961 3898 994 3954 tu
1019 3889 1086 3952 sina
1103 3890 1180 3971 Epi·

57 4014 177 4076 scopo,
204 4017 262 4060 noc
280 3998 469 4079 Presbyter,
491 4017 550 4064 nec
567 3999 728 4078 diaconus,
745 4017 805 4063 nco
822 3998 932 4072 laicus,
949 3990 1080 4079 proinde
1090 3999 1182 4082 juxta

58 4104 218 4183 eloquium
236 4106 376 4169 ciusdem
394 4108 495 4171 Patris
511 4107 688 4190 Apostolici
705 4109 735 4171 in
753 4124 800 4188 cp.
820 4106 858 4169 ad
874 4093 1079 4188 varrrcuscs
1095 4125 1124 4170 c.
1141 4105 1181 4170 8:

12 4246 15 4252 -
56 4211 1182 4298 „issobjaceredebeatsupplicio,quisinellpisocpoquodvcletfacere,

13 4380 16 4384 Α
58 4316 260 4385 concordiam
277 4339 427 4406 rumpens
445 4329 476 4386 et
488 4323 652 4389 decentem
670 4338 776 4388 rerum
792 4319 933 4387 ordinem
945 4318 1142 4388 contundens
1152 4325 1183 4400 ;“

56 4424 90 4495 itt
106 4424 249 4493 Ecclesia
276 4434 378 4495 autern
395 4428 452 4498 bct
469 4427 551 4505 vivi,
570 4447 650 4518 qnae
679 4435 728 4493 cst
746 4427 890 4495 terribilis
904 4435 1082 4495 wcastrorum
1100 4431 1184 4510 acies
