2798 4852
493 226 496 231 ,
614 246 892 363 483-τί

109 442 112 507 ἶ
177 448 310 517 limitibus
332 448 470 533 ipsarum
487 451 567 515 ratio
594 447 881 521 circumscribitur,
909 451 1060 541 quatenus
1076 445 1285 529 incommuta-

174 559 256 623 bilem
273 560 463 633 annunciant
479 557 642 621 Ecclesiae
659 556 850 626 doctrinam,
868 570 1084 634 canonumque
1101 553 1286 615 sententiam
1370 561 1387 604 -“

174 664 348 737 inculcant,
372 670 404 727 et
420 681 553 745 pravos,
579 665 630 744 qui
647 662 760 726 alicubi
777 659 1027 730 invalescebant,
1045 677 1120 723 usus
1136 662 1283 743 proscri-

170 776 244 839 bunt.
270 772 379 854 ltaque
396 772 457 834 buc
481 773 656 852 pertinent,
682 789 761 852 quae
778 769 836 832 bac
854 768 892 830 da
917 787 954 831 re
972 767 1032 830 iam
1049 786 1065 829 a
1084 765 1181 831 Nobis
1198 765 1283 830 indi-

169 888 224 961 cata
243 880 372 945 fuerant
388 881 418 944 in
437 879 577 960 pluribus
604 877 857 941 dllocutionibus
873 875 912 939 ad
930 874 1135 939 Venerabiies
1152 873 1280 937 Fratres

168 987 293 1052 Nostros
309 985 337 1052 S‘.
356 987 390 1049 it
406 987 442 1050 E.
461 988 645 1052 Cardinaies
661 989 693 1051 in
710 985 904 1049 Consistorio
921 982 1046 1064 habitis,
1071 1001 1151 1064 quae
1175 984 1280 1046 statim

136 1142 140 1151 .
171 1097 251 1158 iussu
268 1092 382 1157 Nostro
400 1095 430 1156 in
449 1093 603 1173 publicum
619 1091 812 1174 prodierunt.
829 1125 866 1135 —·
882 1123 922 1136 -
941 1092 1051 1153 Datum
1067 1090 1183 1154 Rornae
1199 1089 1281 1170 apud

109 1232 114 1243 ·
172 1199 331 1281 &Petrum
349 1199 400 1263 die
416 1200 469 1264 25.
486 1199 570 1264 Junii
589 1199 686 1262 1842.

682 1376 773 1451 527.

109 1535 121 1559 '⁸
184 1549 308 1612 illerum
320 1552 422 1610 Breve
436 1553 476 1610 de
489 1553 684 1611 idociobr.
698 1551 787 1609 istc.
802 1565 865 1623 quo
878 1553 1030 1608 Summus
1042 1548 1194 1608 Pontifex
1208 1565 1282 1622 pro·

109 1670 111 1691 .
161 1645 308 1712 'conciui‚
333 1647 494 1716 integrum
516 1644 599 1701 baud
622 1659 711 1710 esse,
739 1657 856 1700 novum
875 1641 1167 1698 benedicendorum
1188 1643 1283 1699 mair.
1352 1660 1353 1665 ¹

428 1737 605 1793 mixtorum
623 1733 798 1792 formulam
812 1734 1014 1791 concinnare.

255 1918 291 1932 -
311 1918 348 1931 —-
375 1883 442 1947 Jaru
461 1903 538 1949 vero
556 1885 638 1967 quod
656 1884 767 1948 scribis
784 1883 944 1966 speciatim
961 1880 999 1945 de
1017 1882 1183 1945 connubiis
1199 1883 1280 1945 mix-

109 2058 116 2071 ,
188 1988 214 2050 tis
225 2036 232 2064 ,
245 1993 320 2057 laud
337 1992 578 2074 certeprcbare
593 1994 822 2074 potuissemus,
839 1990 1036 2055 Venerabilis
1054 1991 1179 2063 Frater,
1197 2007 1278 2053 con-

133 2106 143 2115 ·
188 2094 260 2160 otum
284 2093 359 2164 illud
386 2107 472 2164 tuum
499 2099 538 2162 de
565 2118 646 2164 nova
672 2099 889 2163 concinnanda
919 2096 1070 2175 formula,
1098 2115 1157 2179 qua
1180 2095 1277 2159 illisa
1377 2140 1381 2151 .

109 2211 113 2233 '
188 2196 330 2306 Siccrdcte
355 2206 515 2271 catholico
533 2206 786 2270 benediceretur.
811 2203 874 2269 Sed
892 2204 938 2269 Tu
958 2204 1027 2287 ipse
1043 2221 1078 2266 re
1095 2204 1273 2267 accuratius

189 2324 312 2395 itipensa
331 2321 362 2378 et
378 2316 516 2396 acceptis
542 2321 654 2398 postea
671 2313 794 2378 Nostris
811 2312 1027 2397 superioribus
1043 2311 1155 2376 Literis
1169 2311 1273 2374 baud·
1372 2363 1376 2372 .

166 2402 311 2508 ''mquam
337 2432 501 2490 cunctatus
517 2443 565 2510 ‘es
582 2425 736 2491 recedere
765 2429 869 2489 statim
886 2444 902 2487 a
920 2426 1098 2506 proposito:
1124 2431 1217 2506 atque
1233 2423 1277 2486 ita

186 2527 336 2613 minionem
354 2532 564 2614 confirmasti,
588 2533 733 2615 quamde
749 2540 801 2597 tua
818 2532 931 2598 virtuto
950 2548 1206 2613 conceperamus.

263 2639 373 2705 Datum
397 2641 515 2706 ltomac
540 2640 621 2722 apud
638 2640 669 2707 S.
687 2641 815 2709 blaciam
840 2639 991 2706 Maiorem
1008 2638 1059 2704 die
1078 2639 1127 2702 14.
1144 2636 1273 2702 Octobr.

109 2719 126 2761 u
149 2808 152 2815 Ι
181 2734 254 2831 1842.
349 2782 352 2787 ¹

672 2894 760 2970 528.

170 3050 300 3127 Tertium
321 3068 423 3126 Breve
447 3069 499 3125 dd.
522 3069 552 3125 2.
575 3067 841 3140 lice.1843.'quo
863 3069 894 3124 ei
910 3067 1167 3124 benedictionem
1181 3064 1275 3119 mair.

164 3147 331 3243 ”fimorum
355 3160 476 3233 absque
498 3160 709 3231 praescriptis
744 3158 879 3237 cautelis
900 3159 1051 3225 initorum
1070 3169 1205 3231 prorsus
1227 3154 1272 3223 in·

162 3230 310 3333 iermpn,
330 3238 371 3331 et?
383 3250 562 3308 Eunonicos
584 3240 882 3320 Rotienburge'nses'
903 3248 944 3304 nd
957 3260 1087 3305 causum
1107 3234 1273 3315 Ecclebine

197 3328 330 3399 strenue
344 3328 582 3399 defendendum
596 3342 719 3397 moneri
733 3341 875 3397 decennii
897 3326 1051 3396 Summus
1063 3332 1225 3399 Pontifex.
1295 3325 1299 3335 '

109 3570 111 3575 Ι
150 3570 155 3583 .
244 3523 286 3543 -ι-
304 3523 343 3539 -
362 3488 488 3555 inierim
505 3490 587 3573 quod
605 3490 713 3563 attinet
730 3489 767 3552 ad
784 3491 889 3571 plures
900 3482 1271 3570 recentioresepistolus,

109 3594 111 3629 ³
147 3590 252 3662 'isam
268 3599 432 3663 Ecclesiae
447 3599 530 3663 Tuae
546 3599 919 3678 causamrespicientes,
942 3597 996 3661 vin
1022 3603 1089 3668 est,
1114 3601 1148 3676 pt
1173 3591 1268 3675 quid-

143 3696 244 3773 tuam
260 3707 409 3785 addamus
426 3707 474 3785 iis,
493 3725 573 3789 quae
590 3708 622 3768 in
638 3706 741 3784 literis
760 3706 810 3770 die
827 3709 881 3773 25.
898 3707 982 3771 lunii
1000 3712 1031 3769 et
1051 3704 1100 3767 14.
1118 3702 1264 3765 Octobris

138 3797 327 3889 liberioris
353 3815 423 3879 anni
450 3815 489 3879 ad
513 3813 749 3879 Fraterniiatem
764 3816 858 3879 'luam
883 3816 962 3880 datis
981 3795 1189 3901 edixeramus.
1215 3808 1269 3873 si·
1344 3797 1359 3865 .’

121 3910 276 3988 ,widem
301 3923 340 3997 de
366 3923 569 3987 matrimoniis
591 3924 712 3999 mixtis,
741 3943 821 4007 quae
848 3924 966 4006 absque
990 3923 1081 3987 venia
1106 3915 1269 3984 Ecclesiae

131 3999 348 4115 sflnctaeque,
371 4031 462 4095 huius
488 4031 598 4105 Sedis,
622 4049 679 4095 seu
704 4034 936 4116 praetermissis
962 4025 1158 4096 cautionibus
1173 4028 1267 4100 abea

130 4120 325 4211 P‘flcpprjbi
341 4137 442 4205 solitis
469 4141 713 4214 contrahantur,
739 4141 974 4225 haudquaquam
991 4142 1174 4226 permittere
1188 4157 1267 4222 pos-

129 4227 279 4329 fffiltus,
299 4252 332 4308 ut
349 4247 481 4317 Paroclri
505 4246 629 4311 illicitas
646 4247 820 4313 huiusmodi
836 4252 960 4330 nuptias
976 4249 1063 4326 ullo,
1091 4252 1269 4333 quicunque.

130 4335 158 4436 ξ*
187 4345 309 4425 fuerit,
335 4371 425 4418 sacro
441 4354 502 4418 ritu
518 4354 686 4420 honestare
704 4364 806 4438 atque
832 4357 916 4420 iacto
942 4360 1001 4442 ipsi
1017 4375 1074 4422 suo
1091 4358 1267 4442 approbare

119 4424 224 4537 ,Μὴ
247 4464 454 4543 praesumant.
478 4461 555 4537 Non,
573 4470 621 4527 est
647 4480 745 4540 vero,
760 4484 827 4542 ¹‚cur
841 4467 915 4540 ,bac
928 4466 972 4545 ‚de
985 4487 1024 4545 pe
1042 4468 1129 4551 queri
1144 4468 1267 4548 possint
