2798 4852
1108 254 1246 327 -ιιιιιιιι
1364 212 1368 227 ‘

139 449 379 521 saniisecularcm
397 453 449 529 qui
467 450 558 514 Clero
576 450 730 520 obiicitur,
748 450 954 514 benedicendi
975 468 1063 515 risum
1081 454 1119 515 ab
1136 451 1243 518 indul*

138 560 224 638 centia
247 555 353 623 solum
373 554 688 641 Glarirepetendum
714 574 794 621 esse.
836 557 925 630 Quod
953 563 1054 622 aulem
1080 559 1156 643 Eppi
1187 581 1245 644 per
1266 563 1269 568 ’

136 663 301 748 locvclicas
318 666 514 748 disciplinam
539 663 699 729 Ecclesiae
716 684 772 745 pro
789 673 987 746 competente
1004 668 1062 731 sibi
1080 667 1242 733 activitale

115 775 394 847 resuscitaverint,
420 771 452 835 id
469 772 558 854 place
576 773 613 834 ad
632 772 856 854 obligationem
883 773 1005 838 illorum
1030 776 1237 856 spectavisse,
1352 798 1356 807 ·

133 900 175 964 aaa
188 881 340 964 religioni
354 888 388 945 et
407 881 544 948 statutis,
559 878 726 943 Ecclesiae*
739 879 883 942 obstricti
901 887 980 943 sarit.
1007 882 1110 964 lippos
1128 883 1168 946 ad
1186 902 1243 947 re·

132 990 276 1055 rccandas
293 987 477 1070 Encycllcas
494 1007 558 1051 non
576 994 693 1051 lantum
712 990 835 1050 attineri
849 1006 910 1051 non
926 1007 1043 1068 posse,
1064 990 1120 1052 scd
1138 992 1243 1072 potius

131 1116 183 1160 cvm
198 1098 331 1161 caedem
346 1095 538 1179 Encyelicao
562 1095 673 1178 vigore
699 1092 808 1158 Brevis
834 1096 959 1177 placeto
982 1099 1123 1160 instructi
1141 1099 1242 1162 maios

96 1278 98 1282 ¹
131 1204 331 1271 adbuc-robur
347 1203 557 1283 obtinuerint,
583 1201 692 1266 iisdem
718 1201 813 1284 lippis
839 1202 961 1265 etiarnsi
988 1202 1169 1287 Encyelicas
1186 1206 1242 1269 bas

131 1329 198 1375 noae
213 1319 392 1376 retractare
409 1311 543 1384 vellem,
561 1308 590 1374 id
608 1310 713 1375 locere
732 1305 863 1390 amplius
880 1309 960 1372 haud
978 1313 1139 1393 integrum
1156 1330 1237 1375 esse.
1289 1334 1292 1338 ·

129 1417 149 1481 3.
162 1417 323 1501 Siquidem
338 1417 523 1500 Evangelici
539 1435 639 1480 serrsu
655 1415 833 1480 earumdem
851 1416 1088 1498 llocyelicarum
1106 1429 1241 1502 prorsus

130 1544 179 1589 noo
193 1527 420 1610 impediantur»,
446 1526 611 1606 quoonous
633 1527 723 1588 eliam
740 1534 849 1590 contra
867 1526 1062 1609 disciplinam
1078 1525 1240 1590 Ecclesiae

131 1635 200 1697 leth.
219 1635 414 1698 matrimonia
432 1634 525 1696 mima
547 1634 644 1696 libere
663 1640 694 1695 et
713 1624 817 1696 valido
835 1635 914 1697 inire
931 1633 1073 1706 valeant,
1091 1634 1242 1716 llajestas

133 1740 177 1805 sm
200 1729 376 1806 desistore
408 1741 570 1824 dignetur:
608 1757 664 1821 per
688 1743 844 1820 passivam
876 1760 1000 1823 quoque
1026 1743 1243 1807 assistentiam

135 1851 292 1928 praecitato
310 1847 441 1912 articulo
458 1847 666 1930 religiosario
684 1847 839 1910 satisfieri.

547 1998 551 2007 ἢ
578 2006 774 2026 Q

220 2117 256 2190 b)
282 2117 322 2191 Io
340 2114 484 2180 Consiliis
502 2136 532 2178 c.
552 2114 670 2194 18l3s4.
699 2135 791 2179 neres
816 2119 852 2177 de
879 2118 1095 2179 sacramentalia
1115 2124 1241 2214 contro·
1327 2195 1329 2200 .

137 2226 262 2301 corripe,
288 2242 435 2304 nonoque
461 2225 514 2286 lec
530 2227 569 2288 de
595 2226 707 2287 iisdem
724 2225 864 2286 condito.
889 2223 922 2285 ln
939 2223 1079 2286 Comitiis
1096 2223 1197 2306 Regni
1215 2244 1241 2287 a.
1323 2272 1330 2280 .

138 2324 215 2394 ι843.
233 2336 264 2395 et
284 2330 381 2431 1844.
400 2330 523 2395 Posonii
541 2330 707 2395 celebratis
724 2316 864 2412 quaestio
883 2329 920 2392 de
939 2331 1042 2394 mixtis
1061 2339 1149 2394 matr.
1167 2349 1243 2395 rur-

138 2451 188 2501 sum
207 2455 323 2521 magno
339 2441 508 2502 animorum
527 2447 614 2504 aestu
631 2438 788 2539 disputata
801 2437 1005 2519 discussaque
1024 2439 1089 2501 luit.
1107 2438 1245 2501 Primam

137 2544 393 2621 pertraclationum
419 2540 617 2608 diaetalium'
611 2566 640 2609 ιιι
658 2545 718 2607 hoe
737 2545 846 2609 merito
865 2552 1083 2628 argumentum
1101 2545 1244 2629 praebuit
1321 2526 1325 2536 ⁸

137 2640 373 2737 legisprojectum
392 2669 408 2713 e
426 2622 583 2733 prioribus
601 2651 739 2715 comitiis
758 2672 784 2713 ιι.
805 2649 932 2749 1839440.
952 2652 1070 2736 Regiae
1088 2654 1244 2736 Majeslati

136 2748 323 2832 substratum
350 2766 381 2820 et
408 2759 490 2823 nulla
516 2759 617 2822 adlivrc
645 2759 854 2824 llesolutiooe
878 2736 976 2843 Regia
993 2756 1142 2824 decisum.
1159 2752 1244 2834 lJln¹

136 2869 257 2941 proiecto
276 2846 375 2929 lancee
393 2874 424 2928 et
437 2865 655 2934 liecersolicm
673 2866 712 2929 de
728 2867 830 2929 lotura
848 2867 999 2949 religiosa
1017 2867 1163 2950 prolium
1167 2864 1243 2932 edn-

135 2968 239 3038 catione
257 2955 387 3036 abolitio
404 2972 638 3056 postulabatur,
667 2981 697 3035 ct
724 2972 882 3056 copulatio
908 2993 1035 3056 semper
1060 2993 1117 3056 per
1133 2974 1246 3064 Sponsi

136 3081 288 3144 ministrum
307 3081 445 3151 institui,
472 3087 503 3142 ot
526 3081 655 3160 prolium
684 3083 713 3143 in
730 3079 887 3164 religione
905 3080 1004 3163 patris
1021 3081 1164 3147 educatio
1183 3084 1245 3147 dc·

136 3188 327 3252 siderabotur.
346 3176 485 3269 Alterum
502 3187 708 3252 discussionis
730 3188 885 3252 obiectum
904 3189 1138 3253 constituebant
1156 3211 1246 3274 prae·

137 3298 209 3361 tensa
239 3278 435 3377 gravamina
451 3294 654 3377 religiosaria
680 3297 833 3375 partim-e
860 3292 1085 3358 Reversalibus
1113 3290 1246 3359 onlehac

139 3401 230 3480 edilis,
248 3394 363 3484 ¹parlim
382 3392 399 3463 e
418 3400 554 3465 iudicatu
571 3389 736 3465 causarum
754 3407 842 3464 matr.
861 3404 1025 3466 mixtorum
1043 3403 1073 3466 in
1090 3400 1170 3467 ioris
1187 3422 1244 3466 ca-

139 3498 300 3574 vlolicarum
316 3503 677 3601 §piritualiurn”Sediivtn
695 3511 807 3590 petito:
836 3508 917 3590 quod
944 3511 1058 3595 quippe
1077 3511 1247 3577 occasione

141 3612 325 3691 processuum
342 3613 548 3699 divortialium
567 3610 603 3675 'ad
621 3612 743 3679 thorum
761 3622 950 3696 elnensem,
968 3618 1046 3699 parti
1065 3604 1245 3702 protestan-

142 3719 201 3784 time
224 3723 509 3806 inpraeiudiciom
536 3710 611 3783 suae
639 3721 849 3786 conlcssionis
883 3717 1020 3806 nuspiam
1053 3726 1247 3790 concedatur
1318 3781 1323 3789 .

141 3823 246 3909 libertas
264 3832 300 3892 ad
320 3833 378 3893 clia
398 3824 471 3894 vota
488 3808 725 3891 matrimonialia
745 3833 998 3914 transmigrandi
1029 3826 1182 3894 Tertiam
1186 3835 1247 3895 ob·
1254 3811 1256 3814 ⁵
1315 3863 1319 3866 >

141 3931 231 4008 jectum
261 3941 425 4039 paciebatur
452 3957 469 3999 e
496 3935 653 4017 ‹lervcgata
681 3953 738 4015 per
764 3935 885 4026 Clerum
910 3939 997 4019 Calli.
1025 3939 1246 4003 benedictione

145 4040 284 4111 initlorum
302 4053 388 4129 ιιιιιιι.
418 4043 538 4119 Quoad
551 4040 735 4125 gravamine
752 4046 797 4108 sic
814 4030 909 4111 dicta
915 4027 1171 4127 elicccrsolibca
1193 4068 1251 4111 an-

148 4147 217 4215 tehae
248 4154 416 4218 occasione
448 4152 613 4216 mixtorum
640 4155 734 4215 matr.
755 4171 811 4234 per
840 4161 961 4234 partem
991 4160 1248 4236 protestantieam

149 4251 232 4332 oditis,
262 4265 335 4326 item
363 4280 379 4324 e
406 4259 543 4324 decursu
562 4274 769 4342 processuum
788 4274 902 4371 eoram
920 4261 999 4381 ioris
1033 4265 1249 4393 spiritualibus
1357 4287 1359 4290 ⁴

152 4344 413 4410 Ἣ

226 4431 254 4498 *J
275 4435 330 4544 llid.
346 4437 411 4487 Tem.
428 4440 452 4487 2.
462 4452 520 4505 pap.
536 4436 600 4491 ιιι
623 4432 689 4491 Mon
709 4435 771 4487 367.
