2798 4852
354 229 385 243 ”
450 313 457 325 .
532 198 986 369 ᾗῇ-,ζιιι-’Ῐ”“’
1060 202 1065 209 ’
1149 222 1161 237 “

848 354 863 397 ,0
916 352 921 360 .

147 452 275 543 legum,
311 448 514 533 infracturum
540 448 802 533 acatholicis'pe'r
831 449 976 516 solennia
1001 458 1092 532 pacta
1116 461 1254 518 conventa
1303 464 1306 469 ’

103 640 106 645 Ι
153 561 388 644 competentium
406 556 679 641 religionariorum
696 560 818 637 iurium,
833 559 1041 641 turbataeque
1053 566 1179 623 mutuae
1192 561 1258 623 iuter

74 666 78 675 ’
152 666 333 749 regnicolas
357 666 538 728 harmoniae
563 657 600 728 dc
626 665 767 748 publicae
792 665 1022 749 tranquillitatis
1046 665 1260 745 insimularent

152 775 297 855 laetoque
312 771 351 836 ad
367 771 459 836 Suam
476 773 668 865 llajestatem
694 774 828 838 recursu
844 773 1017 855 Episcopus
1035 768 1078 836 ad
1090 779 1262 838 retractau-

43 856 57 909 ·’
154 882 209 944 das
220 880 385 945 inobiecto
403 882 565 945 mixtorum
577 884 705 953 matrim.
724 882 867 946 dimissas
884 862 1061 966 pastorales
1078 899 1155 945 suas
1171 880 1264 946 literas

49 1002 55 1011 ·
100 972 118 1037 s
153 988 338 1065 auctoritate
363 990 453 1071 regia
488 988 660 1053 efficaciter
695 978 839 1083 compelli
855 988 1063 1074 postularent
1075 986 1091 1063 ‚'
1117 988 1173 1053 alii
1197 1007 1262 1053 vero

98 1172 110 1187 ἢ
154 1096 368 1179 quamplurimi
384 1103 515 1162 cunctos
531 1098 708 1182 parochos,
726 1099 778 1181 qui
792 1089 898 1187 mixtis
915 1088 1004 1159 matr.
1022 1096 1266 1160 benedictionem

10 1219 14 1228 ·
51 1200 54 1206 “
155 1203 304 1284 impertiri
331 1194 532 1293 recusarent,
559 1221 615 1284 per
641 1206 813 1295 constituta
839 1204 878 1266 ad
894 1203 934 1266 rd
941 1198 1090 1285 specialia
1110 1201 1266 1267 tribunalia

155 1313 243 1394 gravi
260 1309 393 1375 mulctae
414 1313 613 1401 pecuniariae
631 1314 839 1397 subiicendos
852 1328 924 1376 esse
942 1311 1166 1374 decernerent
1190 1308 1266 1373 Eaud

72 1412 77 1429 ''
141 1418 300 1499 equidem
325 1419 560 1482 intermiserunt
585 1400 732 1512 Episcopi
757 1417 794 1482 ad
821 1417 1020 1503 antiquando.
1035 1393 1177 1501 illegalia
1200 1418 1268 1480 baec

9 1517 12 1522 ’
38 1512 42 1519 ’
79 1577 81 1582 .
157 1524 363 1589 Comitatuum
390 1524 536 1602 decreta,
561 1526 851 1607 rescindendasque
873 1532 990 1588 motas
985 1527 1028 1592 in
1049 1525 1166 1601 horum
1183 1540 1267 1588 sensu

20 1694 25 1699 .
94 1712 97 1716 Ι
158 1639 270 1696 contra
282 1634 459 1714 complures
469 1633 626 1717 parochos
637 1635 709 1698 lites
721 1630 1073 1716 opemllegii.iiubernii
1089 1630 1265 1713 implorum

154 1740 228 1823 dum
244 1747 347 1802 tamen
362 1741 512 1820 peridem
529 1741 716 1822 gubernium
727 1739 906 1829 praedi-otus
918 1732 1092 1803 Comitatus
1106 1738 1269 1802 Pestiensis

35 1898 59 1931 Ι.
158 1844 196 1909 ad
214 1845 332 1911 dandas
349 1848 424 1911 facti
440 1851 488 1929 sui
504 1849 644 1913 rationes
660 1866 696 1911 re
712 1851 831 1917 interea
848 1850 972 1935 integre
989 1846 1148 1910 servanda
1160 1865 1269 1930 provo·

67 1976 72 1985 ’
91 1960 94 1967 “
157 1961 304 2028 caretur,
330 1957 362 2018 in
378 1957 547 2019 novissime
565 1955 725 2018 celebrato
741 1971 800 2017 suo
820 1961 978 2018 conventu
992 1951 1179 2026 declaravit,
1198 1971 1230 2016 se
1243 1952 1268 2016 id

105 2111 108 2114 -
158 2056 333 2149 ιιοιιριίιιι
358 2063 513 2127 lecturum
540 2082 632 2138 esse,
664 2083 754 2146 quam
775 2063 839 2149 ipsi
865 2061 1027 2143 querulosi
1052 2060 1269 2146 Episcopcrun

61 2166 66 2175 '
158 2187 307 2269 recursus
326 2188 432 2234 secum
448 2171 565 2260 fuerint
581 2171 815 2247 communicati,
825 2187 887 2232 una
903 2187 980 2232 nero
997 2171 1147 2248 superius
1164 2187 1270 2255 memo·

91 2322 100 2359 3
155 2278 265 2347 ratum
273 2295 363 2342 suum
380 2255 541 2342 decretum
559 2272 757 2350 immorando,
775 2279 892 2341 erectis
909 2283 1019 2342 contra
1035 2272 1204 2341 nonnullos
1221 2293 1269 2359 pa·

1 2403 3 2410 ’
73 2389 85 2485 'l
156 2385 633 2467 rochoslitibusnltrcqnoque
658 2383 1099 2475 insistendumessestatuit
1126 2383 1266 2449 lmodun

159 2493 290 2555 durante
307 2493 367 2556 hoe
392 2501 548 2557 conventu
572 2491 743 2574 perversus
771 2482 893 2572 quidam
912 2490 1085 2573 'presbyter
1103 2492 1273 2576 encyclicas

159 2599 387 2682 Episcoporum
398 2603 496 2684 palam
508 2600 660 2685 sugillare
677 2601 929 2683 praesumsisset,
946 2588 1066 2680 ingenti
1080 2601 1122 2664 ob
1135 2600 1165 2662 id
1177 2601 1273 2687 plausu

147 2716 310 2789 exceptus
337 2710 411 2781 fuit,
449 2712 576 2774 obtenta
611 2708 742 2790 plurium
777 2695 969 2788 sponsione:
1002 2708 1087 2789 quod
1124 2708 1150 2770 si
1180 2706 1272 2774 nelcrs

74 2896 77 2901 Ι
160 2816 332 2895 Episcopus
365 2835 440 2879 suus
457 2819 496 2879 ob
515 2818 573 2881 boc
598 2819 696 2900 ipsius
721 2818 837 2884 factum
865 2833 983 2896 poenas
1011 2815 1051 2877 de
1067 2833 1105 2878 se
1123 2816 1275 2879 velletre-

108 2910 110 2913 ’
162 2933 317 3001 poscere,
345 2922 383 2984 ad
399 2922 455 2984 has
474 2923 673 2987 declinandas
689 2930 843 3004 promtum
861 2939 986 3002 semper
1002 2921 1033 2983 in
1050 2921 1166 2987 eodem
1182 2923 1274 2986 Comi·

3 3028 7 3033 '
30 3050 34 3055 ·
59 3042 72 3089 ·,
92 3046 95 3051 ·
164 3033 247 3088 tatus
265 3017 411 3092 tutamine
428 3031 588 3093 habiturus
606 3032 646 3093 sit
663 3030 862 3113 praesidium.

250 3135 430 3221 Exemplum
447 3139 617 3202 Comitatus
630 3139 800 3201 Pestiensis
819 3155 890 3200 mox
908 3137 960 3200 alii
978 3140 1071 3200 etiam
1089 3142 1194 3202 secuti
1209 3143 1278 3223 sunt,

154 3235 241 3329 'quos
258 3248 339 3309 inter
366 3265 464 3329 nuper
493 3249 664 3330 Comitatus
689 3245 908 3312 Borsodiensis
935 3264 973 3307 cc
985 3246 1085 3327 plane
1103 3249 1270 3328 processit:

30 3344 35 3411 Ᾰ
162 3364 194 3423 ut
210 3358 281 3421 dum
300 3363 401 3421 stante
427 3374 484 3420 suo
511 3362 668 3418 conventu
694 3361 812 3416 certum
838 3353 1008 3416 Parecbum
1036 3354 1077 3445 ob
1097 3358 1262 3438 negatam
1256 3372 1279 3416 n

166 3469 264 3530 rnixto
281 3473 370 3527 matr.
389 3464 640 3527 benedictionem
653 3463 691 3524 ad
703 3460 899 3562 pendendam
910 3438 1131 3542 praestitulam
1149 3465 1281 3527 mulctam

163 3575 217 3637 lite
234 3573 397 3637 conveniri
414 3571 632 3646 decrevisset,
660 3586 919 3652 consurgensque
937 3588 954 3629 e
971 3569 1076 3631 medio
1095 3570 1179 3633 idem
1196 3589 1279 3653 paro·

163 3681 240 3745 chus
258 3680 470 3751 declarasset,
500 3695 534 3740 se
552 3678 698 3758 quidem
691 3695 722 3739 ιιι
737 3677 833 3740 rebus
861 3675 1008 3740 civilibus
1025 3677 1169 3758 legalem
1187 3679 1278 3742 Cami-

164 3798 247 3853 tatus
266 3788 481 3851 auctoritatem
500 3793 619 3867 promte
641 3803 766 3866 semper
791 3786 1046 3866 recognitarum,
1076 3787 1279 3869 obsequioque

164 3897 386 3960 honoraturum
409 3911 501 3968 esse,
527 3895 558 3954 in
584 3895 679 3956 rebus
697 3900 800 3955 tamen
816 3892 1030 3973 spiritualibus
1049 3910 1087 3955 se
1107 3896 1277 3958 sanctiones

164 4007 336 4068 canonicas
353 4002 638 4084 Praesulisquesui
655 4003 741 4064 iussa
758 4003 846 4081 sequi
875 3999 974 4072 velle,
1001 4018 1062 4062 uec
1081 4000 1277 4083 proin-ipsius

85 4163 89 4168 .
165 4110 333 4176 Comitatus
358 4095 604 4175 iurisdictionem
630 4127 807 4191 agnoscere
835 4126 950 4192 posse:
976 4114 1136 4197 tamquam
1163 4109 1280 4172 violatae

42 4216 46 4225 '
75 4204 78 4208 ’
167 4217 267 4291 Sedis,
284 4219 389 4282 laesae
401 4237 513 4300 nempe
531 4219 595 4281 lnei
612 4217 836 4280 sanctimoniae
852 4234 939 4281 rcum
951 4231 1024 4279 mcx
1034 4217 1163 4294 publica
1174 4217 1280 4277 actione

68 4363 73 4371 ι
167 4329 369 4400 convenerit,
396 4346 455 4391 nec
481 4329 565 4408 prius
582 4327 676 4408 quam
692 4326 842 4408 depensa
857 4330 972 4387 statuta
989 4322 1107 4387 mulcta
1125 4320 1274 4390 discedere

130 4436 133 4441 ’
165 4438 353 4523 permiserit.
