2798 4852
611 279 936 354 -420-.

196 505 201 511 ¹
302 534 533 645 Moncmcota
550 533 806 609 Ncoaolc‘cnec'u
824 555 857 604 a.
881 505 995 606 1810.
1018 529 1135 604 1811.
1170 518 1174 523 ’

468 764 471 775 =
679 728 766 806 580.

160 920 427 992 Repraeseniaiio
453 918 628 976 illatricius
653 918 773 975 Vetcro
788 945 798 960 ·
813 916 973 973 Eolicnsis
1000 915 1040 972 de
1067 915 1120 975 24.
1147 914 1265 984 Augusti

161 1009 328 1082 lssdttaope
350 1009 442 1066 cuius
467 1007 579 1081 plures
604 1008 809 1079 quaestiones
834 1006 941 1077 quoad
963 1006 1068 1064 mixta
1082 1005 1271 1063 matrimonia

311 1100 315 1106 ’
457 1097 614 1156 decisioni
634 1096 792 1169 Episcopi
805 1095 1001 1163 substernit.¹

207 1263 503 1338 anacreonticum
512 1265 640 1328 mixtum
650 1236 1277 1346 matrimonium‚coramparocboquidem

161 1371 218 1435 sed
235 1370 345 1437 eodem
362 1389 425 1436 non
434 1371 654 1448 benedicente,
670 1387 731 1432 non
742 1370 921 1453 copulante,
937 1388 1002 1434 uon
1020 1372 1201 1453 adjurante,
1213 1365 1275 1434 nihil

160 1481 294 1561 denique
305 1497 425 1561 eorum,
437 1481 523 1562 queis
534 1496 586 1542 ras
598 1479 860 1542 sacramentariae
880 1477 1276 1561 secundumpraescriptun

165 1584 203 1648 ab
220 1587 363 1651 Ecclesia
379 1587 503 1651 Rituale
522 1582 708 1660 tractantur,
726 1586 1025 1668 dispensanturque‚
1042 1586 1276 1667 agenteinitun,

104 1696 106 1701 '
166 1693 423 1775 quemadmodum
449 1711 504 1775 pro
530 1700 600 1761 rato
627 1699 658 1756 et
673 1692 776 1757 valido
792 1693 943 1766 babetur,
969 1693 1011 1754 ita
1037 1692 1135 1755 etiam
1151 1707 1210 1773 pro
1225 1690 1278 1753 veri

152 1800 296 1866 'nominis
313 1800 519 1867 Sacramenio
536 1821 634 1866 sensu
651 1801 850 1864 orthodoxae
867 1801 1032 1869 Ecclesiae
1057 1801 1201 1882 reputari
1215 1814 1278 1880 pos·

167 1909 217 1982 sit,
235 1908 429 1974 aodebeai?
452 1910 585 1989 Sinon,
613 1911 644 1973 2.
662 1909 770 1972 Utrum
787 1909 942 1989 parochus
960 1903 1115 1970 eiusmodi
1138 1922 1279 1970 coramse

165 2015 350 2079 coalescens
367 2021 597 2082 matrimonium
615 2017 696 2091 libro
708 2014 927 2097 copulatorum
944 2012 1123 2092 inferendo,
1141 2004 1239 2079 semet
1248 2010 1277 2074 ad
1311 2012 1314 2019 '

164 2125 318 2187 rubricam
336 2125 522 2199 ‚‚lllinister“
542 2143 601 2208 qua
612 2123 704 2188 talem
721 2122 894 2187 inscribere
910 2124 1036 2205 possit?
1060 2121 1093 2184 3.
1112 2122 1164 2186 An
1180 2135 1278 2202 sponsa

24 2275 39 2317 x·
71 2311 73 2317 Ι
165 2232 320 2299 catholica
346 2222 574 2298 matrimonium
591 2251 662 2294 cum
680 2231 866 2314 evangelico
893 2230 1065 2294 secundum
1082 2247 1197 2292 novam
1213 2228 1278 2291 hanc

36 2372 58 2402 ·.
127 2392 138 2409 ,.
167 2339 345 2402 methodum
371 2373 415 2387 -
440 2341 580 2420 parocho
607 2341 637 2403 vi
664 2342 712 2402 sui
739 2341 877 2404 muneris
893 2339 1060 2419 pastoralis
1086 2340 1222 2420 ipsama
1238 2333 1278 2399 tali

105 2492 109 2497 .
165 2446 332 2519 connubio,
349 2447 380 2509 in
399 2466 462 2528 quc
480 2458 511 2510 et
523 2431 696 2529 periculum
713 2447 784 2510 iidei
801 2464 878 2510 suae
902 2445 1092 2510 amittendae
1109 2446 1218 2508 subire
1231 2459 1278 2525 pc·

172 2536 254 2625 terit,
273 2560 303 2615 et
321 2554 460 2616 sobolem
481 2553 581 2615 iulide
599 2551 685 2615 ande
697 2546 900 2616 RCatholicae
917 2553 1008 2616 unice
1025 2571 1123 2617 verae
1143 2559 1179 2615 et
1194 2550 1280 2615 salui·

165 2661 243 2724 icae
260 2658 422 2723 Ecclesiae
449 2662 574 2724 diversa
602 2661 795 2724 educandam
811 2663 843 2724 in
859 2661 959 2724 lucem
977 2660 1100 2723 editura
1118 2662 1183 2734 sit,
1212 2658 1279 2745 omni

163 2767 292 2829 meliore
309 2767 401 2830 modo
429 2768 618 2830 dehortante
638 2802 675 2811 -
695 2770 816 2840 iniens,
849 2775 879 2832 et
896 2774 996 2829 semet
1027 2768 1066 2829 ad
1093 2773 1200 2831 actum
1215 2766 1280 2828 bunc

166 2875 256 2936 carni
275 2877 380 2953 potius
407 2894 498 2961 quam
525 2877 646 2957 spiritui
671 2875 821 2938 obediens
848 2875 992 2939 allectiva
1017 2874 1281 2939 consummandum

166 2981 369 3056 resolvendo,
387 2986 547 3046 consuetis
564 2981 774 3047 Sacramentis
790 2983 1002 3058 Paenitentiae
1029 2991 1060 3046 et
1077 2983 1282 3047 Eucharistiae

163 3088 270 3152 neicrs
287 3098 526 3172 praeparatura,
544 3094 576 3153 in
594 3090 623 3155 S.
640 3091 813 3165 Tribunali'
828 3091 909 3171 quod
920 3109 1002 3156 nunc
1019 3098 1051 3153 et
1068 3089 1223 3175 deinceps
1238 3091 1278 3152 in·

56 3247 58 3251 ,
167 3196 322 3279 graditur,
338 3215 396 3279 pro
415 3216 493 3261 vera
512 3197 672 3279 disposita,
690 3207 721 3289 et
738 3190 1039 3280 consequenterpro
1053 3199 1155 3283 digna
1167 3198 1281 3264 absolu-

62 3354 65 3359 .
139 3370 142 3375 ,
161 3306 245 3368 tione
263 3313 294 3370 et
311 3307 528 3370 communione
545 3306 746 3371 Sacramenta
758 3307 780 3370 li
798 3311 922 3372 censeri
938 3309 1066 3388 possit?
1090 3308 1124 3373 4.
1144 3307 1195 3371 An
1210 3310 1281 3371 eius·

86 3442 89 3447 ·
167 3413 250 3475 modi
267 3414 450 3496 categoriae
467 3414 578 3478 mulier
593 3422 664 3495 pcst
681 3421 909 3478 consummatas
926 3416 1048 3498 nuptias
1061 3423 1115 3478 aut
1133 3435 1213 3479 vero
1227 3430 1283 3496 posi

132 3566 135 3571 -
168 3528 344 3600 suparatum
363 3524 453 3584 etiam
472 3528 589 3602 partum
606 3514 666 3584 ritu
684 3543 803 3587 consue
818 3531 850 3586 to
867 3542 932 3587 rem
950 3527 1228 3589 sacramentariam
1241 3541 1283 3583 rc·

167 3625 291 3688 dolente
313 3627 351 3689 ad
369 3627 537 3690 Ecclesiam
565 3630 726 3693 introduci
766 3612 962 3700 mereatur?¹
992 3635 1020 3692 5.
1035 3633 1101 3703 ‚An
1127 3650 1187 3714 pro
1212 3636 1282 3712 parto¹

168 3733 321 3797 eiusmodi
338 3753 492 3815 sponsae,
521 3735 680 3798 adiunctis
706 3756 810 3800 rerum
836 3745 1010 3818 tempor-um
1037 3759 1074 3801 ac
1092 3754 1282 3821 personarum

107 3920 112 3929 .
168 3842 271 3905 simila'
286 3843 362 3922 quid·
377 3840 591 3923 exigentibus,
609 3828 1160 3929 dispensatioapronrulgationibus‚
1179 3849 1281 3910 inten-

98 3944 117 3955 ”
166 3965 243 4028 porc
260 3952 370 4022 vetito,
388 3951 419 4012 in
437 3953 617 4013 occursuris
636 3950 771 4033 denique
789 3955 896 4041 nciors
909 3955 1076 4040 canonicis
1094 3955 1281 4035 impedimen·

118 4106 121 4111 .
164 4058 204 4120 tis
230 4074 286 4121 suo
300 4057 371 4120 loco
398 4065 461 4121 tute
478 4077 515 4122 ac
532 4075 645 4124 secure
661 4079 719 4142 per
735 4063 905 4143 parochum
921 4059 1090 4127 sollicitari
1105 4066 1226 4143 queat?
