2798 4852
518 204 521 209 ,
637 64 903 205 -232--¹
1272 146 1298 183 ·.

56 306 60 315 '
159 388 162 393 ,
198 314 276 381 dare
292 332 355 379 non
372 315 553 409 destiteris,
579 322 613 381 ut
628 318 662 381 in
676 315 854 383 huiusmodi
878 312 994 396 nuptiis
1008 312 1177 379 Ecclesiae
1190 282 1398 411 repulaQ

26 396 31 403 ’
65 420 94 457 ·”·
197 440 217 487 ιι
233 423 325 487 nobis
341 428 373 485 ct
388 421 690 503 praedecessoribus
705 425 824 487 nostris
850 429 937 487 tanto
953 421 1057 485 studio
1073 423 1253 486 inculcatas
1266 442 1398 505 rex

101 578 118 611 ·.
144 540 151 607 j
198 528 402 611 ligiosissime
419 536 558 595 servent.
584 528 622 594 Et
639 530 764 611 quidem
776 529 861 613 quod
877 529 917 592 ad
929 528 1183 595 benedictionem
1198 530 1398 628 attine-

122 626 125 645 ²
172 642 182 705 ,“
199 655 277 710 eam,
294 636 393 699 veluti
411 640 529 718 optime
545 638 663 710 noscis,
680 637 759 700 haec
785 639 896 718 Apost.
922 635 1020 701 Sedes
1044 638 1217 720 prohibere
1244 656 1398 731 mk-

199 745 304 829 svevit
320 744 361 806 in
385 744 448 807 illis
474 763 600 826 quoque
615 747 841 822 matrimoniis,
878 764 956 829 qnae
981 747 1063 835 inter
1084 744 1272 810 catholicos
1295 768 1398 839 Q!

199 851 406 933 Acatholicos
421 854 571 916 ineuntur
586 855 751 936 impetrata
768 851 908 916 eiusdem
924 849 1015 915 Sedis
1030 852 1135 933 venia,
1151 859 1251 934 atque
1266 860 1398 937 πῂ,

199 957 307 1023 bibitis
324 958 523 1022 cautionibus
549 958 587 1021 ab
604 959 656 1023 illa
671 960 883 1042 praescriptis.
908 957 1009 1039 Atque
1032 961 1092 1022 etsi
1107 958 1227 1022 deinde
1242 958 1390 1039 tole.

199 1066 266 1128 rari
280 1065 431 1147 potuerit,
447 1072 480 1126 ut
496 1081 564 1125 mos
576 1067 614 1155 'iu
629 1063 787 1129 nonnullis
804 1064 992 1148 regionibus
1007 1065 1156 1129 inductus
1171 1084 1297 1129 servar-
1304 1096 1376 1141 ρ-

200 1179 251 1234 tur
266 1170 473 1235 benedicendi
497 1170 700 1234 matrimoniis
725 1172 829 1233 mixtis
856 1171 943 1234 initis
967 1190 1039 1235 cum
1053 1171 1219 1236 Ecclesiae
1236 1186 1361 1245 vernia

78 1330 81 1335 .
202 1284 234 1341 et
249 1279 420 1361 praedictis
437 1279 648 1354 cautionibus,
664 1296 829 1359 numquam
845 1284 948 1342 tamen
964 1278 1125 1361 toleranda
1144 1280 1342 1348 esteudem

201 1386 381 1450 benedictio
398 1389 429 1449 in
445 1386 483 1449 iis
494 1386 640 1461 casibus,
664 1388 696 1449 in
713 1387 825 1467 quihus
857 1387 939 1449 nulla
966 1386 1144 1451 accedente
1159 1387 1343 1452 Ecclesiae

115 1484 120 1561 ἶ
174 1548 177 1553 .
201 1494 305 1564 venia,
331 1511 391 1555 nec
408 1492 545 1574 praeviis
570 1495 762 1557 necessariis
781 1494 990 1567 cautionibus,
1007 1493 1210 1557 manifestum
1225 1493 1335 1557 iden·
1396 1534 1398 1543 =

204 1617 266 1681 que
281 1600 498 1680 gravissimum
516 1598 688 1663 admittitur
705 1601 873 1687 crimenin
889 1602 959 1682 ipso
986 1604 1172 1665 matrimonii
1193 1602 1338 1665 loedere
1386 1602 1390 1615 '

150 1770 153 1775 ,
202 1708 347 1770 ineundo.
371 1707 544 1787 Numquam
560 1709 640 1769 enim
655 1706 784 1770 tolerari
800 1706 901 1779 debet,
917 1714 952 1768 ut
968 1707 1137 1788 sacrilegis
1148 1709 1232 1772 hisce
1242 1727 1337 1773 con*
1392 1726 1398 1759 ··

79 1808 92 1827 ⁹
126 1862 129 1867 -
166 1828 169 1833 '
202 1815 357 1881 tractibus
374 1815 551 1876 sacriritus
570 1811 810 1886 admisceantur,
837 1821 868 1876 et
884 1814 1069 1879 secerdotes
1085 1815 1145 1883 Dei
1161 1815 1337 1879 videantur
1392 1796 1397 1821 ¹

65 1916 70 1921 ’
92 1914 103 1995 f
204 1938 262 1991 suo
279 1922 364 1984 facto
381 1917 538 2003 probare,
565 1920 648 2001 quod
664 1937 720 1982 ore
745 1919 887 1997 illicitum
904 1937 977 1983 esse
993 1920 1129 1989 edocent
1145 1929 1178 1984 et
1193 1921 1327 2002 praedia.

37 2108 40 2113 Ι
80 2030 83 2035 “
204 2037 288 2092 caut.
311 2028 416 2109 Atque
441 2026 473 2090 id
489 2028 586 2106 probe
611 2029 751 2090 sentiunt
776 2027 950 2091 adversarii
967 2029 1090 2103 nostri,
1118 2033 1170 2108 qui
1187 2035 1270 2093 certe
1282 2028 1327 2091 iu

33 2134 36 2139 '
92 2202 95 2207 ,
203 2135 381 2200 huiusmodi
397 2114 513 2215 nuptiis¹
530 2133 569 2197 de
595 2133 743 2198 catholici
767 2133 941 2198 sacerdotis
965 2134 1187 2199 benedictione
1203 2137 1330 2199 minias

156 2310 159 2315 ,
203 2244 397 2314 laborarent,
416 2240 476 2305 nisi
490 2241 704 2325 intelligerent
721 2241 806 2305 illam
832 2242 1011 2307 conducere
1028 2242 1067 2309 ed
1084 2242 1321 2311 extenuantur.

133 2354 136 2363 '
206 2357 303 2433 atque
320 2349 399 2413 adeo
416 2349 455 2412 ad
474 2348 702 2413 obliterandam
718 2351 837 2413 sensim
860 2352 892 2413 in
918 2349 1064 2413 catholici
1088 2350 1197 2433 populi
1218 2348 1313 2435 animis

71 2468 90 2493 ··
205 2459 383 2521 memoriam
400 2475 573 2531 canonum,
602 2458 655 2538 qui
670 2457 750 2525 haec
776 2457 975 2521 detestantur
991 2458 1166 2529 connubia,
1188 2463 1222 2521 et
1246 2472 1304 2521 cor·¹

208 2566 394 2629 stantissimi
411 2565 527 2640 studii,
553 2584 615 2646 quo
631 2563 662 2627 S.
688 2565 790 2628 Mater
806 2565 949 2630 Ecclesia
975 2565 1055 2628 tilios
1080 2583 1156 2628 suos
1180 2571 1326 2631 avertem

207 2675 376 2737 consuevit
394 2672 432 2732 ab
448 2671 559 2735 iisdem
576 2674 732 2752 coniugiis
757 2674 789 2737 in
805 2689 914 2735 eorum
930 2671 1120 2753 futuraeque
1135 2673 1233 2752 prolis
1247 2686 1354 2755 per‘

147 2770 156 2833 ἶ
193 2779 320 2845 niciem
338 2779 571 2843 contrahendis.
596 2780 704 2844 Nostri
720 2781 843 2844 scilicet
854 2780 1107 2845 contradictores
1118 2782 1304 2862 cognoscunt
1318 2814 1366 2841 ρ

206 2886 236 2951 si
248 2906 300 2952 res
317 2906 358 2950 ex
376 2905 484 2951 eorum
509 2887 592 2950 votis
608 2887 816 2962 succederet,
842 2887 936 2951 facile
951 2888 1024 2952 inde
1049 2888 1200 2962 futurum,
1216 2896 1247 2951 ut
1261 2904 1364 2949 ca·-

103 2982 107 2989 ’
205 2997 343 3067 thelicae
360 2998 555 3077 potissimum
571 2997 727 3059 foeminae
744 3004 797 3060 aut
820 2998 924 3072 licita,
949 3005 1003 3059 aut
1019 3015 1083 3060 non
1108 2994 1366 3079 langravio:

100 3166 103 3173 .
134 3178 141 3187 ,
206 3104 313 3170 illicita
331 3104 549 3167 existimarent
566 3122 604 3166 ea
620 3103 789 3187 coniugia,
815 3121 894 3186 quae
920 3107 1019 3167 sacris
1036 3102 1201 3166 Ecclesiae
1216 3100 1364 3166 ritibus
1396 3126 1398 3131 ·

33 3226 36 3233 '
107 3258 110 3263 -
170 3210 1361 3292 ·etsacerdotalibenedictionchonestarividerentlltquehaeccoa-

103 3330 106 3335 ’
208 3334 289 3382 sona
306 3327 377 3380 sunt
392 3320 671 3401 praeceptionibus
688 3325 719 3381 et
730 3321 865 3391 monitis,
883 3337 964 3400 quae
981 3321 1050 3382 sive
1066 3320 1099 3381 in
1115 3320 1245 3394 nostris,
1257 3314 1321 3378 sir
1330 3319 1360 3363 Φ

94 3506 101 3515 ῃ
158 3484 161 3491 ,
211 3425 245 3486 in
261 3423 451 3487 Decessoris
469 3426 568 3487 nostri
586 3425 632 3487 Pii
647 3424 679 3488 8.
696 3424 736 3487 ad
754 3425 898 3488 diversos
915 3424 1183 3505 Archiepiscopos
1201 3431 1233 3488 et
1253 3411 1360 3497 Epi·
1396 3450 1398 3455 ·

208 3548 325 3613 scopos
341 3531 442 3593 literis
458 3530 527 3592 sive
536 3529 798 3595 instructionibus
809 3539 861 3594 aut
877 3533 946 3595 eius
956 3540 1009 3596 aut
1026 3538 1136 3595 nostro
1152 3533 1243 3595 iussu
1256 3521 1354 3590 edi·
1390 3556 1398 3604 ι,

208 3641 248 3703 tis
266 3638 451 3720 consignata
477 3637 576 3701 inisse
603 3639 776 3721 cognoscis
801 3639 882 3701 Ven.
899 3638 1018 3703 Frater.
1043 3636 1111 3701 Nec
1127 3656 1204 3701 vero
1220 3624 1354 3702 retes-¹·
1388 3606 1398 3685 i

210 3748 238 3811 si
254 3744 292 3809 ad
307 3743 479 3809 nonnullos
495 3750 611 3808 tantum
627 3744 805 3821 Antistites,
820 3746 872 3826 qui
897 3745 978 3808 hanc
993 3743 1103 3824 Apost.
1121 3742 1237 3808 Sedena
1251 3744 1354 3807 c⁰¹¹‘

210 3853 392 3925 tuluerant,
417 3851 489 3915 illae
515 3852 742 3916 instructiones
759 3852 851 3915 datae
876 3858 966 3924 sunt,
994 3851 1081 3932 quasi
1108 3850 1176 3915 aliis
1201 3842 1356 3915 liberum

206 3961 252 4023 sit
267 3960 391 4025 illarum
413 3978 477 4025 ιιοιι
494 3961 583 4042 sequi
600 3962 798 4023 sententiam.
822 3958 993 4025 Enimvero
1023 3976 1086 4022 non
1103 3959 1211 4040 agitur
1226 3959 1280 4022 hic
1299 3932 1357 3999 ὅθ
1394 3942 1398 3953 ’

91 4152 94 4157 Ι
211 4065 315 4148 aliqua
332 4085 415 4132 nova
431 4065 505 4150 lege
532 4085 551 4130 a
576 4073 687 4135 nostro
703 4062 964 4147 praedecessore,
981 4071 1035 4129 aut
1051 4084 1069 4129 a
1084 4063 1179 4129 nabis
1194 4050 1362 4130 inda⁰¹⁶'
1393 4038 1398 4045 ¹

211 4191 306 4254 ouum
322 4180 456 4256 uterque
481 4181 623 4241 nostrum
650 4193 689 4238 eo
706 4175 810 4256 potius
831 4173 1040 4254 spectauerit,
1065 4179 1101 4237 ut
1116 4189 1175 4253 pro
1191 4152 1368 4238 locorum

11 4284 15 4289 ’
109 4340 112 4345 .
210 4278 368 4351 *dictetis
384 4280 607 4375 etpollircmos,¹
623 4280 728 4365 quoad
743 4280 950 4367 lieri-posset,
968 4279 1154 4362 disciplinae
1166 4268 1371 4347 severit?
