2798 4852
342 246 801 389 „fua-7

51 495 266 578 provisionem
292 491 495 556 adhibendam
523 509 596 557 osso
613 494 788 567 censuerit,
813 495 955 557 eximiam
970 486 1177 558 ¹Eminentiae

52 604 188 666 Vestrae
206 602 391 683 sapientiam
408 600 491 664 haud
508 594 634 682 lugiet,
654 608 799 682 quantum
821 603 892 666 hine
909 602 1122 683 profluxuram
1139 605 1179 668 sit
1255 650 1260 655 -

50 707 91 786 ad
118 714 261 782 vetusta,
296 707 485 788 assiduaque
512 707 603 777 Sedis
633 704 837 789 Apostolicae
863 715 934 771 vota
962 709 1177 788 commodum:

50 816 171 899 primus
189 800 301 915 ¹quippe
317 816 439 879 laturus
464 814 522 878 ille
530 821 617 879 esset
641 832 770 896 passus,
796 816 968 898 vigentes
959 833 990 879 ιιι
1008 814 1176 881 Austriaco
1276 848 1286 899 p·
1307 809 1311 817 ’

43 923 188 1016 1ιιιροιῑο
204 922 308 1004 quoad
326 920 519 986 Matrimonia
546 922 656 986 civiles
683 923 750 984 illas
777 923 868 1007 leges
893 922 1113 1001 modificandi5
1139 922 1178 986 ad
1287 990 1291 997 ¹

49 1048 133 1113 quas
150 1012 480 1111 quidem'alterandas
502 1036 533 1092 et
549 1030 712 1110 principiis
739 1031 898 1094 canonisis
926 1028 1178 1110 attemperandas

48 1137 188 1202 huodum
221 1138 315 1227 etiam
340 1132 442 1217 inagis
464 1144 639 1218 opportuna
673 1137 751 1201 adeo
784 1140 910 1203 occasio
937 1156 1028 1229 quam
1056 1136 1175 1201 animus
1371 1145 1375 1152 ·

50 1244 167 1310 defuit.

38 1390 42 1399 ·
116 1440 119 1445 Ι
143 1352 230 1415 Haec
257 1359 328 1416 sunt
347 1370 396 1427 ea,
415 1369 506 1433 quae,
523 1352 776 1416 Eminentissime
799 1352 975 1416 APraesull
1001 1352 1040 1416 ad
1057 1369 1174 1416 succo·
1263 1414 1267 1421 .

49 1460 146 1523 landa
174 1459 256 1523 Suae
282 1458 442 1522 Sa'nctitati
467 1477 522 1539 per
556 1479 604 1522 me
630 1458 795 1523 humillime
829 1457 1176 1540 propositadesideria
1207 1540 1211 1547 Ι
1276 1504 1300 1513 ,.

48 1570 80 1630 in
107 1584 192 1628 nexu
217 1585 424 1647 nupcrnarum
442 1585 578 1630 mearum
597 1567 755 1631 literarum
782 1566 951 1630 adferenda
968 1584 1041 1649 esse
1059 1560 1195 1643 censui,
1227 1563 1231 1569 ’

49 1674 209 1757 Dignatur
233 1673 311 1737 haec
335 1675 512 1738 Eminentia
537 1669 819 1758 Vestra‘gratiose
836 1676 1020 1756 suscipere,
1037 1674 1176 1757 benigno
1267 1712 1273 1723 ι
1367 1680 1377 1701 “

48 1766 228 1846 Beatissimi
245 1780 345 1845 Patris
364 1783 485 1847 obtutui
501 1766 711 1856 sisteresetsi
729 1781 802 1872 quid
820 1766 859 1845 ex
877 1800 944 1845 mea
962 1772 1176 1845 imbecillitate

49 1887 89 1951 ad
118 1905 226 1951 eorum
251 1890 347 1952 robur
378 1887 542 1966 deluerit,'
559 1888 768 1971 potentissimi
793 1892 840 1953 sni
866 1878 1010 1972 suffragii
1035 1890 1178 1987 pondere
1244 1956 1271 1975 -.
1322 1964 1326 1975 Ι

23 2067 26 2073 ‚
48 1996 183 2058 sarcire.
209 1996 254 2058 Ea
281 2003 367 2060 o'erte
385 1995 503 2059 suntin
521 1998 620 2078 patria
644 1998 830 2079 praesertim
847 2008 915 2059 mea
931 1995 979 2058 rei
996 1981 1176 2060 Catholicae

50 2102 223 2180 adiuncta,
249 2109 282 2165 ut
309 2121 376 2164 eam
403 2101 581 2211 multiplici,
608 2099 903 2182 praeordinatur,
926 2101 1177 2167 discrimiuinon
1273 2160 1276 2165 .
1345 2172 1348 2177 4

48 2209 141 2272 aliter
167 2209 245 2288 eripi
269 2224 365 2290 posse
383 2225 554 2283 censeam
588 2212 851 2291 quamsiopem‚
878 2227 967 2290 quarn
993 2208 1078 2273 liliati
1105 2227 1173 2272 cum
1223 2291 1226 2296 .
1345 2253 1358 2268 f

47 2316 164 2382 fiducia
182 2314 338 2398 efflagito,
365 2316 463 2379 Sedes
490 2318 670 2398 Apostoliea
687 2318 780 2380 solita
797 2331 853 2407 sna
865 2324 1010 2383 materna
1027 2292 1178 2399 benigni-

49 2431 113 2487 tate
142 2422 370 2488 tribuerit'-
355 2425 533 2497 ·Romne,
568 2426 618 2489 die
647 2426 697 2489 14.
725 2398 866 2489 ianuarii
894 2423 990 2548 1841.
1020 2423 1178 2509 iosephus

46 2530 225 2608 Ioannes,
249 2530 354 2635 lippus
388 2532 621 2597 Csanadiensis'.

568 2712 665 2785 dnn.
709 2712 712 2717 ’
763 2772 767 2779 .

48 2900 208 2975 Quartum
233 2901 420 2961 Mementote
445 2889 531 2977 Eppl
558 2901 787 2973 Gennadtensts
806 2858 852 2960 'ad
877 2900 974 2983 (iard.
996 2919 1015 2959 a
1034 2864 1177 2961 {aeratis
1350 2957 1356 2969 „

373 2996 501 3060 Status,
517 2987 578 3050 dd.
592 2996 640 3051 11).
659 2993 753 3051 Mart.
766 2995 852 3053 1841.
1063 3014 1067 3023 ·

140 3159 388 3253 Eminentissime
406 3168 466 3223 ete.
486 3160 610 3233 Quanto
628 3161 769 3224 tristiora
785 3167 876 3232 sunt,
895 3179 975 3242 quae
993 3159 1032 3223 de
1049 3158 1174 3227 ailliclis
1265 3190 1290 3217 a
1312 3148 1320 3158 ’
1338 3236 1343 3245 q

49 3271 85 3331 in
105 3283 207 3349 regno
223 3267 407 3350 Hungeriae
425 3268 506 3332 Cleri
523 3268 675 3332 Catholici
691 3267 787 3332 rebus
809 3267 847 3330 ad
864 3286 912 3330 me
929 3255 1054 3345 crebris,
1067 3266 1179 3349 perie-

46 3380 165 3440 rantur
180 3377 323 3443 nunciis:
356 3395 393 3440 eo
420 3378 550 3458 amplius
576 3396 624 3440 me
651 3372 834 3441 obstrictam
851 3394 923 3439 esse
939 3377 1061 3449 sentio,
1089 3362 1176 3438 Emi·
1209 3430 1225 3471 Ι,
1272 3446 1275 3451 ,
1316 3406 1321 3414 ·
1364 3422 1377 3465 3

46 3484 186 3547 nentium
211 3483 353 3548 Vestram
380 3488 505 3548 summis
530 3485 676 3568 precibus
707 3482 903 3548 obtestandi:
928 3490 962 3545 nt
988 3482 1176 3546 substratum
1276 3507 1279 3512 ·
1333 3485 1358 3523 ³

44 3606 213 3671 supremae
239 3591 433 3674 apostolicae
460 3593 634 3657 Beatissimi
656 3593 754 3656 Patris
773 3591 926 3654 decisioni
939 3593 1107 3673 negotium·
1116 3581 1177 3673 po'-

43 3698 127 3760 tenti
152 3717 210 3761 suo
237 3701 415 3790 interuentu
443 3709 637 3783 quantocyus
654 3698 702 3781 ⁵ad
729 3705 866 3781 optatum
893 3698 1009 3761 exitum
1032 3698 1182 3779 dirigere,

44 3806 211 3888 dignetur.
236 3806 354 3891 Nempe
373 3817 545 3891 ,postquem
563 3806 735 3905 Comitatus
752 3807 923 3871 Pestiensis
941 3804 979 3868 ad
995 3805 1175 3870 uexandum

14 3932 90 3976 ,ex
106 3916 275 3976 occasione
303 3914 482 3996 denegatae
508 3908 550 3978 in'
569 3918 671 3978 mixtis
696 3921 784 3977 matr.
804 3912 1035 3976 benedictionis
1053 3913 1174 3976 Clernm
1213 3929 1218 3955 ·-
1256 3900 1295 4002 ’,ἶ
1354 3967 1365 4003 ι.

42 4017 243 4089 catholicum
261 4022 352 4102 signa
370 4020 501 4101 sustulit,
520 4000 715 4102 cunctosque
732 4002 1029 4103 regniComitatus·
1042 4026 1074 4091 nt
1086 4019 1174 4082 idem
1188 4013 1199 4108 Ἰ
1235 4080 1239 4092 ,
1296 4034 1301 4058 ²

23 4122 157 4205 seeum
175 4134 338 4206 agerent,
371 4128 451 4203 (latis
478 4127 516 4190 ad
533 4144 588 4192 aas
612 4120 712 4194 literi's
730 4129 1039 4209 provocavit‚'tanta
1055 4125 1174 4208 passim·
1206 4138 1209 4143 ·
1249 4158 1256 4194 ;
1295 4210 1300 4219 ¹

41 4250 106 4314 per
122 4230 257 4316 regnum
276 4235 394 4297 exarsit
411 4242 520 4322 contra
548 4235 670 4307 Clerum
695 4236 867 4301 animorum
880 4225 1036 4298 irritatio:
1060 4232 1172 4307 utCo‘-.
1196 4249 1219 4317 j
1241 4264 1261 4317 g
1337 4260 1342 4303 ς
1368 4286 1372 4295 .

41 4338 172 4402 mitatus
188 4342 391 4417 paucissimis,
403 4341 553 4410 duntaxat
571 4345 713 4426 exceptis
730 4362 789 4426 per
807 4343 956 4406 solennes
973 4357 1046 4421 suas
1064 4340 1173 4431 deter-
1220 4364 1222 4369 ·
1269 4359 1274 4368 ·
1340 4412 1347 4419 ,

19 4447 437 4541 ,ιιιῖιιιιῑῑοιιιιιΕρίεοοροι
458 4455 488 4511 et
506 4466 628 4529 omnem
646 4449 776 4522 clerum,
790 4451 974 4514 violatarum
1003 4448 1173 4536 patriarutn
1196 4428 1212 4479 '⁴
1248 4460 1258 4544 J·
1327 4448 1340 4467 ”
1378 4501 1383 4511 .
