2798 4852
591 272 828 350 ..539-

135 470 223 554 quod
243 471 302 536 nisi
318 454 480 536 monitioni
512 468 584 532 boio
611 479 642 534 et
666 470 862 535 revocationi
888 477 1018 536 nostrae
1044 490 1116 536 mox
1131 480 1162 535 et
1179 473 1258 536 citra
1381 468 1384 473 ’

138 578 233 640 ullam
244 579 473 669 cunctationem
489 579 645 660 parueris,
665 595 724 643 nos
739 579 772 643 in
788 577 1005 644 conformitate
1020 586 1259 660 provocatarum

139 686 290 768 superius
306 684 392 748 luris
409 683 646 769 dispositionum
664 686 815 751 adversus
833 694 874 760 te,
890 684 1169 773 vindicandumque
1185 687 1258 749 ino·

134 780 318 856 bedientiae
343 795 514 857 canonicae
541 793 760 877 gravissimum
784 798 905 856 reaturo
929 808 1140 875 processuros
1173 806 1256 886 esse.

83 909 86 918 '
133 933 175 943 —
198 898 309 962 Datum
325 898 465 965 Neosolii
483 899 533 965 die
549 897 580 962 7.
607 899 712 965 Martii
729 896 823 964 1843.
847 900 1002 980 Georgica
1028 897 1256 978 Rodctincalrg

138 1005 290 1071 Vicoriar
314 1006 509 1087 capitularis
536 1005 758 1072 Neosotienoie.
791 1005 947 1086 acceptos
982 988 1165 1087 Katenneis,
1195 1002 1255 1086 011.

135 1113 205 1178 Vic·
224 1112 457 1178 Cancellorirrs.

591 1297 801 1312 -n--q

294 1537 360 1642 B)
389 1541 685 1656 Monumenta
714 1543 1110 1620 uraussltvantoa.

332 1757 375 1847 o)
396 1758 516 1852 Sappi.
536 1760 585 1831 od
602 1758 790 1831 historicos
808 1762 1057 1856 antiquiorem.

651 1969 738 2044 620.
845 1976 856 1993 '

130 2143 331 2217 Exemplum
341 2142 575 2216 Reversallum,
589 2157 688 2216 penes
701 2158 780 2215 quas
795 2141 1000 2199 mainmlxla
1009 2143 1042 2199 ln
1054 2139 1256 2199 Transsllra·

130 2229 259 2291 ula'eub
273 2234 428 2304 reglmlne
442 2232 484 2290 Μ.
498 2233 667 2290 Thereslae
686 2234 759 2291 tnlrl
783 2234 1027 2317 consueverunt,
1041 2247 1083 2288 ex
1096 2247 1145 2288 un.
1164 2231 1258 2290 1156.

222 2400 442 2484 lutrascriptus
459 2400 500 2466 do
516 2419 573 2487 pro
589 2402 758 2473 memoria,
791 2399 903 2481 quibus
929 2399 1059 2483 expedit
1083 2395 1254 2471 universis,

130 2514 166 2572 et
181 2508 335 2591 singuiis,
362 2508 445 2590 quod
471 2508 732 2590 quemadmodum
757 2526 843 2572 anno
861 2510 1000 2572 currenti
1019 2505 1114 2568 1156.
1132 2504 1183 2569 die
1205 2504 1255 2566 15.

130 2616 294 2680 Februarii
320 2632 430 2683 coram
457 2614 534 2679 lixo.
551 2636 587 2680 ac
604 2615 647 2679 lll.
673 2616 712 2679 D.
738 2614 939 2699 sigismundo
955 2612 1096 2679 Antonio
1112 2611 1145 2674 L.
1164 2609 1196 2673 o.
1214 2609 1256 2677 de

130 2720 238 2797 Scala,
253 2723 343 2814 lippo
358 2720 617 2789 'lranssilraniae
635 2731 665 2788 et
682 2723 757 2789 lixo.
775 2721 971 2789 1111111111
988 2719 1176 2787 consiliario
1187 2717 1256 2782 llct.

131 2822 243 2894 lutino
259 2848 309 2894 me
325 2848 473 2897 manuum
491 2831 691 2916 stipulatione
707 2830 860 2915 obligavi,
878 2833 922 2895 ita
938 2829 1158 2913 praesentibus
1174 2834 1258 2910 qdo-

132 2954 199 3018 que
215 2955 265 3003 me
281 2936 389 3019 obligo
406 2937 496 3002 simul
514 2947 545 3002 et
562 2940 723 3019 spondeo:
750 2939 780 3002 l.
802 2938 911 3003 'Fidem
927 2937 961 3000 ll.
980 2936 1169 3003 Catholicam
1186 2919 1258 2998 exi-

131 3060 199 3126 gtto
216 3046 366 3128 temporis
384 3042 550 3107 intervallo
567 3045 799 3124 amplexurum,
825 3061 886 3106 nec
901 3041 981 3105 ultra
997 3043 1140 3123 proxime
1155 3041 1260 3105 immi-'-
1355 3043 1359 3051 “

131 3151 242 3216 nentia
268 3148 350 3212 lecta
376 3148 536 3212 Pascbalia
553 3155 782 3233 protracturum
810 3149 867 3211 sub
883 3165 984 3231 poena
1002 3149 1166 3211 arbitraria
1183 3145 1257 3210 lixo.

131 3256 175 3330 D,
189 3252 354 3318 Ordinario
372 3256 480 3318 relicta
498 3272 573 3319 casu
600 3257 632 3319 in
648 3255 810 3319 contrario
827 3253 1030 3328 desumenda,
1048 3262 1081 3326 ct
1096 3255 1156 3318 boc
1173 3272 1257 3334 qno·

133 3380 198 3449 que
215 3368 338 3444 tempus
355 3380 426 3436 nou
454 3362 513 3425 alia
540 3380 581 3425 ex
607 3379 702 3426 causa
719 3364 791 3427 mihi
807 3381 961 3440 reservo,
979 3380 1070 3444 qnam
1086 3367 1119 3424 ut
1134 3363 1256 3433 interea

129 3465 285 3550 mysteria
301 3458 374 3534 lidei
391 3469 490 3553 magis
508 3472 689 3535 necessaria
713 3473 881 3551 percipere
897 3471 1033 3552 possim,
1059 3471 1091 3532 in
1107 3485 1170 3550 quo
1186 3487 1258 3533 om-

131 3594 206 3640 nem
224 3576 343 3639 interea
369 3577 542 3661 impendam
570 3595 719 3660 operam3
744 3578 776 3640 2.
804 3575 914 3660 quodsi
940 3582 1043 3640 autem
1063 3576 1165 3639 libere
1190 3594 1258 3639 earn

132 3682 278 3763 amplecti
296 3702 337 3746 ex
353 3685 589 3766 quibuscunque
608 3684 729 3746 demum
746 3684 851 3746 causis
869 3684 1095 3760 detrectarem,
1122 3682 1256 3746 futuram

132 3789 335 3853 nibilominus
361 3792 529 3873 coniugem
555 3809 653 3854 meam
678 3792 709 3853 iu
734 3789 795 3853 lide
822 3807 859 3851 ac
883 3787 1057 3871 Religionis
1074 3787 1253 3852 Catholicae
1313 3824 1314 3830 κ

131 3897 287 3958 exercitio
304 3915 363 3960 nec
379 3895 499 3967 directe
515 3916 576 3961 nco
590 3895 741 3962 indirecte
756 3915 891 3978 unquam
903 3894 1034 3959 turbabo
1051 3901 1104 3957 aut
1121 3894 1258 3974 impedi·
1278 3966 1281 3971 ,

132 4019 193 4062 am.
219 3999 250 4063 3.
269 4002 378 4065 Proles
405 4002 508 4066 diviua
535 4023 575 4066 ex
603 4003 823 4067 benedictione
849 3999 1065 4083 suscipiendas
1092 4001 1257 4082 utriusque

134 4125 233 4171 sexus
250 4109 281 4169 in
298 4109 358 4170 fide
390 4119 420 4172 ct
437 4111 593 4192 religione
619 4110 774 4174 catholica
793 4108 971 4173 omnimode
987 4100 1117 4179 educari
1133 4107 1261 4171 faciam,

133 4212 369 4297 quibuscunque
397 4219 547 4298 expensis
574 4235 643 4280 curn
670 4219 701 4281 in
727 4215 818 4279 tinem
834 4212 1061 4295 profundendis
1078 4213 1255 4279 nullatenus

131 4321 301 4403 parcendo.
334 4356 373 4367 -
403 4324 511 4386 Datum
546 4321 837 4388 Alsd-Pornmbach
867 4322 918 4385 die
965 4321 1015 4384 17.
1040 4321 1133 4399 Febr,
1165 4318 1263 4382 1156.

128 4426 322 4493 Francircne
337 4431 523 4514 Osongrddi.
