2798 4852
551 201 818 320 piso..
906 232 1000 332 ᾖ,

130 440 213 505 tandi
243 444 427 522 possea-ut
456 438 661 521 indispositus
687 443 852 522 poenitens
877 412 1136 507 sacramentalem
1161 446 1250 509 reei—
1335 528 1339 532 g

127 550 190 628 piat
206 547 457 621 absolutionem,
483 550 541 610 'aut
564 550 597 610 in
621 547 693 610 fidei
719 548 903 612 rudimentis
920 551 1002 613 haud
1018 552 1190 614 instructus
1208 552 1246 614 ad

124 657 213 718 Sacr.
232 640 692 731 confirmationisadmittatur3
719 655 821 718 divina
847 664 980 736 numqua
998 660 1165 738 mysteria,
1198 657 1254 720 Sa·
1306 694 1309 699 ·
1387 653 1392 658 ’

123 770 288 827 aramenta
305 780 458 843 nusquam
474 761 611 843 indignis
629 769 660 824 et
677 762 871 843 indispositis
888 763 1099 842 administrari
1118 772 1250 844 queunt,

120 877 254 951 oportet
278 871 360 933 enim
378 869 628 951 dispensatorem
645 871 864 948 mysteriorum
882 870 938 932 Dei
955 869 1089 944 fidelem,
1105 869 1252 953 legibus·

121 995 189 1057 que
205 977 379 1048 Ecclesiae,
398 976 510 1054 quibus
528 974 697 1036 adstrictus
709 983 769 1050 ast,
786 992 911 1055 semper
926 995 999 1038 esse
1010 979 1251 1057 obsequentem.

121 1084 208 1157 Quia
225 1100 302 1145 vero
320 1090 428 1162 partes
446 1084 543 1146 mixto
560 1083 757 1145 matrimonio
774 1100 809 1144 sa
835 1083 959 1165 illigare
976 1085 1142 1164 cupientes
1159 1084 1251 1145 etiam

123 1199 203 1262 tum,
221 1190 292 1252 dum
306 1188 390 1251 ultro
408 1207 444 1252 ac
460 1196 572 1272 sponte
590 1190 627 1251 ad
646 1189 971 1276 catholicamprolium
984 1193 1144 1270 utriusque
1155 1186 1252 1253 sexus'
1346 1177 1354 1258 ζ’

120 1295 346 1360 educationem
362 1296 395 1359 in
412 1302 477 1359 tuto
495 1296 709 1359 collocandam
727 1297 882 1359 neiredere
898 1296 1028 1367 nolunt,
1056 1297 1093 1357 ab
1111 1295 1252 1374 ineundo

115 1421 206 1467 uero
224 1410 256 1465 et
272 1403 589 1467 valido-matrimonio
606 1420 669 1466 non
685 1403 918 1482 impediuntur;
943 1421 960 1465 e
987 1408 1077 1482 parte
1095 1406 1174 1465 enim
1193 1420 1250 1463 sa-

120 1528 256 1602 crorum
273 1509 441 1599 Curionum
459 1509 538 1570 citra
550 1512 682 1572 activam
694 1513 946 1590 cooperationem
958 1509 1128 1580 assistitur,
1139 1508 1251 1571 iidem·
1368 1538 1371 1543 ·

123 1634 198 1698 quo
209 1617 390 1679 observatis
405 1615 444 1678 de
460 1617 529 1678 iure
547 1616 753 1679 observandis
775 1634 901 1696 semper
917 1635 1023 1679 coram
1038 1616 1176 1697 parocho
1194 1634 1251 1677 ca·
1344 1681 1347 1686 ,

122 1721 247 1787 tholico
259 1712 486 1785 matrimonium
497 1725 581 1785 inire
592 1724 955 1804 queaut,benedicti0nis
966 1731 1083 1785 tantum
1096 1725 1254 1785 etrituum
1319 1804 1324 1811 Ι

123 1845 291 1893 sacrorum
308 1846 347 1891 eo
364 1828 567 1893 fundamento
585 1837 737 1911 expertes
755 1836 839 1901 sunt,
856 1829 938 1910 quod
951 1829 1176 1892 administratio
1192 1830 1252 1891 ho·
1334 1867 1341 1876 ·

116 1952 195 2013 rum
210 1933 373 1996 Ecclesiae
389 1935 488 2014 ipsius
506 1930 765 2013 adprobationem
792 1943 822 1996 et
847 1935 1111 1997 confirmationem
1129 1939 1249 2015 impor-

124 2048 187 2117 tet,
202 2058 283 2120 quae
299 2040 339 2102 ad
356 2042 581 2104 matrimonium
599 2050 706 2107 contra
718 2041 820 2122 leges,
832 2058 971 2120 scopum,
982 2042 1252 2120 intentionemque
1332 2018 1340 2029 ’

121 2146 293 2211 Ecclesiae
310 2147 415 2209 initum
433 2150 513 2209 sicut
538 2167 555 2208 a
581 2152 705 2210 nemine
721 2147 883 2229 praetendi
908 2151 950 2209 ita
967 2165 1026 2209 nec
1041 2147 1176 2226 impendi
1191 2163 1252 2230 po-

116 2253 191 2318 test
196 2276 210 2327 ,ι
229 2250 442 2332 iure'sperare
460 2254 609 2324 licuerat,
629 2261 673 2328 ut,
691 2260 854 2334 postquam
872 2253 951 2315 haec
968 2255 1110 2332 quaestio
1128 2254 1158 2314 in
1174 2270 1249 2332 pro·

121 2362 211 2423 xime
229 2357 396 2448 celebratis
414 2361 553 2426 Comitiis
569 2359 669 2438 Regni
684 2378 701 2420 e
718 2360 880 2439 proposito
891 2360 1019 2441 agitata,
1037 2366 1069 2420 et
1083 2377 1142 2443 por
1157 2376 1250 2421 uuam
1347 2383 1350 2387 ·
1383 2322 1385 2331 Ι

117 2455 338 2546 ἰηῑθςιιιιῑθιιι
355 2463 560 2544 legislationis
576 2473 712 2542 partem,
737 2464 883 2526 Tabulam
900 2483 1020 2547 nempe·
1028 2464 1194 2527 Procerum
1212 2482 1251 2527 eo
1344 2453 1347 2459 ’

122 2569 231 2634 sensu
252 2577 386 2651 ¹accepta
410 2567 487 2646 luit,
511 2570 593 2648 quod
610 2570 781 2650 Legislatio
808 2571 908 2645 civilis
933 2569 1193 2664 a-1,79⁰s‘1.velut
1215 2569 1256 2629 ad
1352 2653 1356 2662 Ι

116 2695 172 2751 aa,
191 2695 273 2757 quae
288 2690 366 2739 suae
391 2685 464 2740 sunt
480 2677 656 2758 sphaerae,
683 2678 838 2742 exiadolc
854 2680 1099 2742 .nttributionum
1126 2695 1252 2740 suarum

124 2785 292 2856 restricta,
310 2791 505 2863 nequaquam
522 2783 560 2846 ad
577 2785 749 2866 spiritualia
764 2785 945 2867 imperanda
963 2785 1090 2848 extendi
1108 2785 1249 2865 potuerit,
1306 2822 1309 2831 ·

120 2872 186 2956 nec
203 2891 295 2972 proin
313 2891 370 2953 sub
387 2891 623 2971 impedimentis,
642 2911 721 2973 quae
737 2886 839 2956 mixtis
865 2892 1068 2957 matrimoniis
1085 2893 1176 2956 obiici
1191 2888 1267 2955 vc?
1285 2874 1289 2882 ¹

125 2997 201 3070 tuit,
220 3014 330 3061 sacros
348 2992 538 3060 etiam'ritus
554 3004 585 3058 et
601 2995 849 3061 benedictionem
858 2999 1143 3079 comprehenderit,
1160 2989 1261 3078 atque

124 3105 205 3169 ideo·
229 3107 261 3165 in
286 3104 410 3166 casibus
436 3092 573 3183 negatae
597 3106 628 3164 in
655 3104 758 3166 mixtis
786 3104 991 3166 matrimoniis
1017 3101 1250 3193 benedictionis
1282 3146 1286 3154 .

116 3200 254 3282 uiolatio
279 3210 362 3291 legis
387 3227 449 3273 non
467 3190 692 3286 subversetur3
717 3210 856 3290 dumque
878 3217 968 3290 parto
994 3212 1032 3272 ab
1049 3228 1110 3278 uua
1126 3210 1201 3292 legi,
1218 3217 1254 3272 ut
1280 3195 1283 3201 ’
1372 3286 1375 3290 ,

122 3317 324 3380 matrimonia
341 3313 446 3381 coram
472 3318 610 3399 parocho
635 3317 787 3380 catholico
815 3319 979 3389 ineantur,
1006 3316 1136 3389 satisfit,
1160 3300 1251 3397 parte

120 3425 166 3493 ab
183 3423 243 3486 alia
260 3422 474 3490 ordinationes
492 3425 594 3503 quoad
612 3423 864 3487 benedictionem
876 3424 1129 3487 matrimonialem
1141 3417 1251 3487 actus·
1357 3424 1360 3429 ’

121 3549 190 3610 quc
218 3529 384 3611 liturgicus
409 3549 426 3592 a
452 3531 550 3594 solius
585 3531 825 3593 Ecclesiasticus
843 3533 1029 3594 -Potestatis
1061 3530 1248 3594 determiuio
1351 3526 1368 3615 ‘l

113 3637 288 3721 pendeant:
301 3638 566 3717 1Διιποᾼιιιιιιιιιι,
579 3656 707 3718 sperare
717 3637 858 3711 licuerat,
868 3646 903 3700 ut
912 3637 1074 3721 legalitate
1086 3632 1251 3701 etliustitia
1305 3658 1311 3710 1

116 3743 466 3825 dispositionis,intuitu
477 3747 643 3808 mixtorum
653 3746 916 3808 matrimoniorum
927 3753 1056 3807 emutuo
1072 3744 1250 3823 Episcopo·

118 3866 364 3926 rumconsensu
377 3851 479 3913 editae
498 3851 750 3933 perspectanihil
769 3858 934 3929 statuatur,
952 3851 1251 3921 autdeterminetur‚
1354 3924 1357 3929 ,

120 3959 421 4036 quoconscientiao
438 3958 645 4021 sacerdotalis
659 3957 789 4021 libertas
807 3958 960 4036 violatur,
986 3953 1252 4020 Ecclesiasticus·
1295 3951 1305 3985 '·
1319 3974 1329 3999 ·-
1375 3954 1378 3958 ’

116 4081 184 4145 que
199 4066 351 4146 potestati
368 4066 480 4127 intuitu
489 4064 693 4143 spiritualium
702 4075 808 4155 regum
819 4063 924 4126 diuina
938 4062 1136 4156 auctoritato
1144 4078 1248 4148 vener-
1279 4103 1283 4108 -
1309 4089 1313 4099 =

122 4171 454 4243 citaeetimmuuitati
479 4171 662 4252 derogatur.
687 4173 779 4252 Spem
806 4172 886 4233 hauc
914 4171 1097 4233 frustratam
1122 4183 1196 4231 esse
1213 4171 1245 4244 in
1355 4254 1361 4260 ἱ

117 4274 332 4341 amaritudine
348 4278 453 4341 cordis
470 4279 538 4342 llai.
564 4278 648 4341 Vrae
661 4279 775 4342 SSmae
791 4286 1016 4348 remonstrare,
1035 4277 1251 4362 etbenignum
1295 4263 1297 4269 ’
1346 4274 1348 4278 ’

120 4385 195 4462 Hui·
206 4368 296 4460 ‘Vrsa
313 4385 425 4456 SSmao
436 4384 624 4468 praesidium
635 4385 805 4467 implorare
822 4384 1071 4468 homagialisscum
1083 4372 1250 4447 deuotione
1331 4411 1336 4418 ·

124 4478 285 4556 sustlneo.
