2798 4852
551 228 1193 399 s-741>c-„j-'.[3·'
1267 222 1270 229 ⁸

15 458 60 510 ·'.
158 454 319 575 misistis
342 477 579 560 praestandam,
612 475 747 539 necesse
772 452 904 539 omnino·
925 464 1075 538 tenuerit
1090 473 1271 557 pastoralem

155 588 258 650 zelum
273 592 411 651 restrum
429 603 626 667 expromere,
642 583 768 665 illisque
785 581 977 665 significare,
994 581 1105 645 hocin
1115 599 1195 645 casu
1209 597 1271 644 esse

1 677 6 683 ¹
24 766 40 786 ‚.
62 736 81 792 '.
97 766 101 773 ,
119 742 122 749 .
157 696 225 761 Deo
237 676 344 787 'potins
361 711 453 774 quam
468 693 651 759 hominihus
663 689 881 754 obediendum.
896 690 1054 775 >Sipuntem
1070 690 1110 752 iis
1121 688 1272 752 matrimo-

159 805 217 867 niis
233 801 529 885 locopa'rochorum
546 799 771 863 catholicorum
787 797 921 862 ministri
939 796 1107 860 acatholici
1124 798 1271 869 assistant,

119 911 126 921 “
161 911 296 994 gravius·
311 904 544 990 'quidem‘tunc
561 897 819 988 erit‘peccatum,
852 904 983 987 parochi
1008 911 1112 967 autem
1128 903 1274 967 ¹catholici

120 994 136 1064 '‚
162 1018 245 1082 omni
260 1032 390 1100 prorsus
408 1014 497 1096 culpa
514 1013 705 1078 vocabunt.“
728 1011 922 1077 ldemelianr
933 1012 1037 1083 tacite
1053 1012 1237 1096 exprimitur
1246 1011 1273 1073 in

162 1108 321 1207 surrepto
347 1124 439 1187 rurus
456 1121 612 1186 ronnoes
628 1123 785 1202 rescripto
809 1109 852 1184 'uo
868 1118 920 1183 er.
940 1119 1011 1185 oe.
1028 1119 1130 1184 asro.
1148 1120 1273 1184 adcun-

159 1234 233 1296 dem
244 1230 435 1295 vicariatum
451 1231 502 1293 his
518 1231 645 1294 verbis
672 1208 802 1308 „Neque
818 1227 850 1290 id
864 1228 1061 1293 sommittere
1079 1235 1197 1311 potest
1203 1227 1272 1304 (llo

91 1333 95 1341 ’
160 1341 262 1405 olesia
274 1339 359 1404 cath.
379 1338 430 1401 vel
448 1335 544 1401 Sedes
563 1336 703 1435 spese),
713 1343 747 1399 ut
759 1354 799 1399 ex
809 1338 925 1420 nuptus
937 1354 993 1400 sua
1004 1338 1196 1400 auctoritato
1205 1353 1271 1401 con

159 1446 272 1510 cilialis
289 1447 397 1528 proles
408 1451 600 1518 succrescat,
617 1462 697 1526 qnae
714 1445 744 1507 iu
756 1430 871 1526 'Christi
890 1462 991 1528 grege
1002 1461 1065 1507 uon
1076 1440 1269 1508 censeatur!⁴

159 1554 332 1618 Reilerarit
347 1553 408 1618 hoc
425 1559 457 1616 et
472 1553 588 1616 clarius
606 1553 707 1616 adhuc
728 1555 890 1632 expressit
905 1552 976 1615 Pius
993 1548 1072 1616 Vltl.
1093 1550 1256 1641 Pontifex'
1250 1569 1271 1614 ιι

139 1660 269 1743 dieser.
281 1661 331 1723 25.
343 1660 433 1723 llarl.
453 1659 547 1724 1830.
564 1660 604 1723 ad
616 1658 760 1751 Allppum
772 1640 993 1726 coloniensem
1004 1634 1269 1744 etllppos'l'rerir.

23 1806 27 1817 ·
145 1760 292 1830 'Puderh
309 1775 341 1830 et
357 1767 534 1831 llonaster.
554 1769 636 1855 dato,
665 1768 718 1831 uhi
734 1768 780 1831 sic
797 1769 947 1845 hahetur:
963 1767 1115 1842 ,Quodsi
1131 1766 1273 1832 nonnulle

87 1922 93 1935 ,
118 1859 126 1946 ’,
160 1876 192 1937 in
208 1875 332 1937 cesihus
349 1881 480 1957 paterna
497 1861 677 1939 huiusmodi
695 1894 855 1940 sacrorum
872 1883 1031 1960 pastorunn
1041 1875 1148 1938 studia
1165 1879 1196 1938 in
1211 1876 1270 1940 irri-

1 1989 4 1995 '
161 1988 226 2061 tum
252 1983 370 2046 cadere
395 1986 572 2065 contingat
589 1983 921 2061 (calholioeomnium
947 1983 1079 2065 prolium
1110 1978 1271 2057 educatio),

33 2123 38 2141 ·
63 2099 67 2106 '
159 2096 222 2152 tum
239 2107 314 2153 sane
332 2090 548 2153 abstinendum
565 2090 636 2184 erit
641 2108 658 2152 a
676 2091 831 2176 catholica
850 2091 957 2154 eadem
983 2106 1123 2174 persona
1141 2090 1271 2154 censuris

7 2192 13 2207 '
155 2197 892 2283 nrrllamnomrnatrmexpressrscorripienda
919 2218 966 2263 ne
985 2200 1134 2265 tumultus
1170 2197 1270 2282 aliquis

90 2291 102 2383 '¹
160 2300 326 2379 excitetur,
340 2302 384 2367 'et
393 2307 542 2405 graviora
567 2306 616 2379 rsei
632 2302 822 2388 catholicus.
831 2300 911 2369 mala
926 2305 1117 2370 obveniant:
1151 2304 1208 2370 sed
1224 2304 1272 2368 alia

42 2395 47 2405 ’
146 2429 201 2490 ¹er
217 2418 306 2493 parte
324 2412 483 2475 abstinere
510 2413 601 2475 etiam
629 2412 801 2477 catholicus
830 2420 938 2497 pastor
963 2391 1090 2477 debebit
1106 2432 1170 2476 non
1187 2413 1273 2476 solun

160 2519 319 2601 enuptiis,
335 2537 414 2621 quae
431 2494 543 2584 deinde
561 2519 645 2595 haut,
664 2521 756 2583 sacro
774 2538 961 2604 quocunque
963 2522 1039 2585 ritu
1065 2520 1274 2592 honestandis,

162 2616 338 2695 sedetiam
353 2630 498 2708 equoris
515 2634 604 2700 actu,
634 2634 695 2710 quo
721 2630 897 2712 approhare
922 2629 990 2692 illas
1006 2612 1163 2693 videatur.
1189 2631 1275 2704 Οιιιιι

19 2762 22 2767 ·
41 2782 45 2787 .
69 2770 72 2775 ι
90 2821 95 2830 Ι
162 2734 246 2795 circa
263 2753 338 2799 rem
347 2732 423 2798 illud
440 2735 669 2800 solummodo
662 2750 695 2798 ιιι
709 2737 871 2801 nonnullis
887 2737 964 2800 locis
981 2738 1152 2800 toleratum
1171 2747 1228 2812 est,
1250 2739 1278 2801 ul

81 2874 85 2881 -
164 2841 313 2922 parochi,
346 2841 457 2936 qniad
470 2845 619 2922 graviora
645 2843 693 2906 rei
715 2843 886 2909 catholicae
902 2844 1095 2908 incommoda
1114 2848 1276 2913 avertenda

14 2936 18 2943 ’
56 2937 58 2941 ’
157 2949 363 3031 praesentiam
380 2966 467 3012 suam
484 2948 708 3019 contrahendis
734 2951 780 3013 his
798 2952 909 3031 nuptiis
926 2961 1092 3033 praestare
1109 2958 1273 3038 cogeban-

96 3063 107 3133 ζ
161 3060 213 3118 tur
223 3097 233 3132 ,
261 3061 445 3136 paterentur
461 3055 584 3138 quidem
601 3058 656 3119 e'cs
674 3057 749 3141 ipsis
766 3059 985 3139 praesentibus
1002 3060 1116 3126 confici
1133 3064 1183 3137 (si
1198 3066 1276 3129 scili·

159 3169 212 3226 cet
227 3162 342 3226 nullum
360 3164 603 3227 aliud'obsteret
620 3168 804 3228 canonicum
820 3166 1101 3246 impedimentum),
1127 3178 1167 3234 ul
1183 3173 1277 3237 auditu

46 3304 49 3309 ,
163 3269 328 3351 utriusque
343 3271 440 3352 partis
458 3287 616 3335 consensu
633 3272 783 3355 deinceps
800 3291 857 3356 pro
870 3290 926 3336 suo
945 3273 1046 3338 officio
1063 3283 1171 3341 actum
1188 3275 1278 3345 relide

38 3460 45 3467 ἱ
159 3358 283 3459 gestum
300 3380 332 3442 in
360 3381 491 3442 matrim.
518 3378 628 3443 librum
653 3380 831 3457 referrent,
857 3382 913 3444 sed
930 3393 1078 3448 carerent
1105 3402 1231 3470 semper
1244 3387 1277 3449 uh

158 3480 274 3548 illicitis
291 3484 469 3549 huiusmodi
485 3488 690 3550 matrimoniis
707 3489 769 3552 ullo
789 3506 847 3551 suo
876 3496 946 3551 actu
964 3494 1189 3573 approbandis,
1205 3494 1279 3558 rnul-

158 3598 253 3674 loque
270 3597 368 3676 magis
387 3614 403 3655 a
423 3596 521 3658 sacris
538 3597 704 3677 precihus,
732 3604 763 3658 et
780 3597 817 3659 ab
846 3596 1066 3664 ecclesiastico
1086 3608 1202 3682 quovis
1224 3606 1277 3668 ritu

159 3701 299 3766 ciusdem
316 3701 550 3768 admiscendc.“
566 3705 740 3785 Disponunt
751 3706 1152 3789 igiturPontihceshorum
1165 3721 1275 3785 teron,

22 3802 50 3889 ',
162 3817 193 3873 ul
211 3812 242 3873 in
258 3828 352 3885 casu,
379 3815 404 3876 si
422 3831 462 3874 ex
479 3811 692 3876 contrahendo
709 3812 806 3875 mixto
833 3813 937 3895 aliquo
954 3818 1161 3882 matrimonio
1178 3821 1277 3886 nasci·

158 3926 246 3999 turae
263 3921 428 4001 utriusque
445 3937 541 3983 sexus
558 3920 666 4003 proles
683 3919 712 3980 in
731 3921 811 4005 cath.
824 3921 991 4003 Religionis
1006 3924 1274 3993 educandaehaud

161 4024 283 4101 lorent,
308 4027 459 4091 sacerdos
476 4028 560 4090 nullo
577 4029 669 4091 modo
696 4028 808 4092 talibus
833 4032 948 4111 nuptiis
973 4032 1035 4094 ritu
1063 4037 1273 4101 ecclesiastico

51 4172 54 4177 -
161 4132 303 4208 adsistat,
321 4144 351 4199 et
368 4136 546 4231 benedicat,
564 4137 619 4198 sed
637 4137 786 4219 negative
804 4137 913 4201 saltem
930 4140 1015 4202 circa
1033 4160 1091 4204 eas
1108 4162 1145 4208 se
1162 4146 1270 4210 hahent

157 4240 268 4324 Neque
282 4243 406 4307 dubium
421 4250 496 4308 'esse
513 4242 634 4326 potesl,
662 4244 741 4306 hanc
767 4244 1002 4326 dispositionem
1029 4249 1073 4309 ita
1093 4251 1233 4336 proponi,
1245 4255 1270 4313 nt

4 4356 8 4363 '
121 4354 124 4359 '
159 4349 197 4410 cd
215 4367 322 4442 omnes
349 4355 474 4415 omnino
496 4351 683 4426 Ecclesiae,
701 4353 908 4435 singulasque
931 4359 1081 4420 nationes
1106 4364 1265 4442 pertineat:

41 4540 46 4551 Ι
158 4455 235 4522 nihil
253 4458 332 4519 enim
349 4465 418 4531 est,
446 4458 530 4540 quod
546 4458 778 4524 restrictionem
795 4462 928 4543 aliquam
951 4462 1262 4533 horresciturus
