2798 4852
584 254 816 328 -599-

134 444 234 509 carisa
250 444 430 510 discordiae
448 454 516 518 est,
544 451 623 513 mori
640 437 786 530 possum,
814 438 920 516 tacere
936 473 1000 518 nou
1017 465 1180 541 possum‘,
1200 466 1260 527 uisi

135 553 233 616 elide
251 560 282 616 et
307 555 414 636 Capite
431 554 593 619 Ecclesiae
612 557 775 633 deliniam,
792 569 978 637 ,retractare
994 583 1137 646 nequeo,
1164 571 1256 642 tueri,
1361 551 1364 556 ¹

112 698 114 702 ·
137 662 259 724 demum
277 662 749 744 praesentem‘dilucidatoriam
768 668 1011 733 declarationem
1029 693 1126 737 ineam
1153 674 1190 736 ad
1208 677 1258 738 al-

134 761 289 831 tissimum
306 768 388 831 Suae
404 768 578 852 Majestatis
603 773 748 836 thronum
774 793 843 837 cum
870 776 995 840 favente
1021 787 1094 842 voto
1123 783 1257 861 proferri

134 874 243 937 lacere
271 875 428 957 dignetur.
453 877 761 954 Albae-Carolinac,
789 880 839 944 14.
870 885 954 966 Sept.
984 885 1076 947 1811.
1103 888 1265 952 Nicotaus
1361 959 1366 968 ,

135 983 263 1056 Koedts,
281 983 386 1066 Eppus
404 984 530 1047 Transs.

658 1115 747 1186 628.

133 1282 401 1358 Repraeseututlo
415 1283 566 1341 Guberuil
582 1285 674 1356 Regii
686 1287 935 1344 Truussllvauici
946 1291 988 1346 ad
998 1292 1096 1347 Suam
1107 1290 1255 1361 Modestu-

132 1375 199 1428 tem
222 1375 333 1429 contre
355 1373 565 1446 Encyclicom
578 1374 738 1446 Eppulcm
752 1378 791 1432 de
817 1381 956 1435 matrim.
986 1381 1099 1437 mixtis
1121 1383 1252 1448 editum,

508 1463 560 1518 dd.
575 1465 621 1520 18.
637 1463 771 1521 Octobr.
786 1467 872 1522 1841.

222 1613 437 1674 Sacratissima
455 1621 515 1675 etc.
540 1600 733 1677 Universitas
751 1616 921 1678 Comitatus
938 1616 1073 1681 Kulrrtttd
1090 1635 1149 1698 ope
1166 1619 1253 1681 rela-
1327 1686 1330 1690 ,

131 1721 227 1783 tionis
244 1739 320 1782 suae
337 1719 385 1782 die
404 1721 454 1781 16.
473 1720 543 1783 llaii
560 1740 587 1782 a.
607 1741 634 1783 e.
654 1726 822 1799 praestitae
832 1721 941 1785 literas
953 1725 1127 1805 pastorales
1143 1727 1175 1786 in
1193 1725 1254 1786 ob-

127 1831 216 1911 jecto
234 1831 397 1891 mixtorum
416 1828 680 1891 matrimoniorum
706 1829 737 1889 in
754 1829 867 1911 Regno
885 1829 1065 1910 ilungariae
1083 1839 1250 1905 emanatas,

131 1943 165 1997 et
182 1934 293 1998 ibidem
321 1938 415 1998 variis
442 1936 657 1998 collisionibus
686 1954 790 1997 ansam
808 1938 1016 2016 praebentes,
1038 1939 1069 1999 in
1085 1939 1253 2001 obversum

129 2044 332 2123 positivorum
347 2043 451 2124 legum
469 2045 637 2124 patriarum
654 2042 747 2105 etiam
764 2043 795 2104 in
811 2043 1074 2113 'lranssilvaniam
1092 2051 1247 2124 penetra·

131 2150 227 2221 visse,
246 2169 282 2239 ao
299 2152 330 2212 in
349 2150 412 2211 Lib.
430 2149 507 2230 Reg.
526 2150 651 2212 civitate
663 2149 855 2231 Claudiopoli
871 2148 1039 2229 specialem
1057 2167 1180 2231 quoque
1197 2169 1253 2212 oa-

131 2275 199 2319 sum
217 2255 392 2336 denegatae
409 2259 439 2319 in
458 2257 549 2318 simili
568 2258 764 2319 matrimonio
792 2255 1019 2318 benedictionis
1048 2263 1146 2319 semet
1170 2275 1253 2327 exe-

129 2366 233 2432 ruisse
249 2364 503 2440 remonstrandm
529 2365 618 2446 petiit
635 2370 694 2425 tam
711 2362 898 2446 Episcopum
915 2363 949 2426 ll.
967 2365 1000 2426 C.
1017 2363 1252 2426 Traussilvaui-

132 2490 241 2534 ensem
270 2490 359 2552 quam
385 2489 462 2534 vero
488 2471 660 2552 Capitulum
687 2479 839 2552 urgenter
856 2473 1043 2551 provocari,
1075 2478 1109 2532 ut
1126 2471 1248 2534 Patriae

131 2579 221 2640 liuius
238 2579 327 2659 leges
345 2579 561 2661 aequalitatem
579 2587 775 2661 receptarum
791 2581 977 2660 religionum
996 2586 1176 2641 asserentes
1190 2587 1250 2642 tam

131 2688 192 2770 ipsi
209 2687 398 2758 observare,
426 2706 514 2767 quam
541 2704 596 2765 per
614 2689 673 2749 sibi
690 2663 1066 2749 subordinatum'ctarum
1084 2687 1248 2769 observari

131 2795 251 2869 lacere,
269 2796 477 2873 semetque‘in
496 2795 621 2857 obiecto
647 2796 811 2856 mixtorum
829 2796 1093 2859 matrimoniorum
1111 2786 1251 2873 disposi-

133 2903 210 2965 tioni
228 2900 361 2963 Articuli
380 2901 443 2960 57:
474 2899 567 2962 1791.
587 2904 794 2966 accomodare
812 2902 928 2978 velint;
954 2900 1063 2980 eadem
1080 2900 1251 2966 occasione

131 3015 161 3077 id
179 3014 303 3094 quoque
320 3014 540 3080 renuenstravit
557 3012 639 3075 diota
656 3015 857 3084 universitas,
874 3011 956 3094 quod
973 3015 1004 3074 in
1022 3011 1130 3073 eadem
1141 3012 1247 3074 turis-

132 3122 268 3185 dictione
285 3121 468 3201 reperibiles
495 3120 679 3183 sacerdotes
695 3119 729 3184 R.
746 3119 924 3182 Catholieos
960 3117 1139 3200 singillatim
1171 3132 1249 3196 pro-

133 3227 292 3301 vocandos
302 3228 513 3311 concluserit,
531 3234 563 3288 ut
579 3233 679 3289 semet
704 3227 735 3287 in
752 3227 876 3289 obiecto
895 3226 1060 3288 mixtorum
1088 3225 1251 3285 matrimo-

99 3365 102 3371 ,
131 3338 254 3398 nicrum
272 3339 448 3414 praecitato
466 3335 596 3397 articulo
616 3333 679 3394 57:
708 3331 802 3394 1791.
831 3332 1031 3394 conformare
1049 3329 1250 3411 obligationis

132 3452 208 3506 suae
226 3441 349 3515 ducant,
366 3442 397 3505 in
415 3460 492 3505 casu
509 3443 666 3504 contrario
684 3457 784 3522 poena
802 3439 961 3502 articulari
977 3436 1145 3519 plectendi.
1165 3435 1253 3498 Hanc

131 3549 353 3613 Universitatis
370 3550 523 3628 praedicti
534 3547 703 3612 Comitatus
721 3548 907 3611 relationem
926 3562 989 3609 non
1005 3541 1104 3605 deluit
1121 3542 1253 3624 Regium

131 3659 231 3722 hocce
248 3656 436 3720 Gubernium
453 3676 513 3718 una
531 3661 731 3738 compuncto
749 3654 801 3716 39.
819 3652 989 3717 Ρ161666111
1006 3649 1150 3714 llarcalis
1168 3643 1253 3714 eon·-
1360 3701 1364 3715 .

132 3747 330 3846 gregationis
348 3764 422 3829 dicti
439 3766 610 3828 Comitatus
626 3764 726 3827 hocce
743 3763 900 3844 objectum
918 3759 1051 3823 feriente
1069 3758 1119 3820 die
1137 3755 1250 3822 stulti

133 3893 160 3935 a.
178 3891 206 3934 c.
223 3875 380 3956 Episcopo
397 3872 678 3936 Traussilvauiensi
704 3887 760 3952 pro
780 3867 999 3948 depromendis
1017 3867 1081 3929 suis
1098 3864 1251 3928 reflexio-

133 3982 225 4044 nibus
243 3984 482 4044 communicare.
506 3978 668 4058 Subseque
686 3977 873 4059 appulerunt
899 3977 991 4036 etiam
1007 3971 1250 4035 remonstratio-

133 4106 189 4150 nes
207 4089 404 4167 sequentium
420 4085 686 4156 iurisdictionem,
704 4090 824 4166 utpote,
842 4081 1058 4144 Universitatis
1077 4079 1248 4140 Comitatus

133 4196 232 4260 Albae
248 4195 420 4274 Inferioris
439 4193 488 4256 dd.
507 4195 559 4259 25.
576 4193 636 4257 Jul.
655 4192 684 4255 id
702 4192 851 4274 petentis,-
867 4196 900 4252 ut
917 4189 1046 4273 Regium
1063 4188 1165 4250 hocce
1184 4185 1252 4248 Gu-

133 4303 348 4372 beroium,-tine
375 4300 592 4366 observandae
619 4298 816 4381 aequalitatis
830 4297 944 4378 jurium
960 4302 1159 4374 receptarum
1174 4292 1253 4356 reli-

132 4411 260 4493 gionuur
276 4418 307 4473 et
323 4408 589 4493 impediendarum
608 4407 842 4471 innovationem
857 4407 888 4468 in
910 4401 1140 4484 praeiudicium
1155 4401 1246 4464 huius
