2798 4852
344 186 547 249 ‚ss‘

627 274 831 350 -584-

154 480 277 561 quidem
304 460 372 541 oum
400 491 559 537 consensu
584 474 695 535 lrorum
723 470 857 534 admissa
884 474 924 534 sit
949 469 1010 535 ulla
1037 469 1197 546 variati03
1219 476 1273 532 tum

154 587 245 663 ideo,
272 584 353 668 quod
372 583 505 647 maiores
527 581 794 662 perturbationem
822 578 948 656 unionis
964 576 1203 660 roligionariac
1219 586 1276 663 pari

64 725 66 729 ·
125 735 135 755 .
156 712 223 757 oum
241 691 483 775 perturbatione
499 688 733 770 tranquillitatis
749 686 891 768 publicae
907 691 991 757 nota,
1009 685 1129 767 quippe
1147 685 1276 750 infideli·

88 855 94 861 .
154 795 225 863 tatis
243 798 366 880 dignam
384 800 586 869 censuerint,
613 795 894 878 gravissimamque
911 794 1067 856 adversus
1093 794 1181 876 legis
1199 793 1277 861 boios

60 892 64 903 ⁸
155 896 575 988 praebaricatores-poenam
592 903 763 965 sanxerint.
783 904 824 974 c)
841 902 1042 964 Anxiotatem
1060 909 1277 1002 saumstnro-or

155 1017 380 1098 provocatione
393 1009 606 1075 Kntntttenst
624 1017 686 1095 turp
704 1029 722 1071 a
739 1009 866 1073 casibus
876 1009 1095 1098 singularibus
1115 1016 1216 1071 ortam
1231 1026 1279 1094 per

153 1122 184 1185 id
202 1120 330 1183 multum
363 1127 483 1182 auctam
499 1116 595 1181 foisse
627 1116 791 1199 profitetur
811 1115 893 1180 idem
911 1117 1111 1190 Comitatus,
1142 1118 1234 1200 quod,
1249 1126 1276 1181 ut

154 1235 250 1310 putat,
269 1228 430 1310 dispositio
449 1245 603 1306 mea,per
620 1226 802 1288 comitatum
818 1225 1033 1287 laborationis
1045 1228 1080 1288 to
1098 1225 1165 1305 fide
1182 1229 1276 1290 nomi·
1314 1249 1317 1256 ·

13 1411 17 1417 .
50 1325 62 1349 “’
152 1356 194 1399 ue
211 1338 381 1418 insignita,
411 1333 821 1414 nonpermodumpatentis
833 1333 1011 1402 circularis,
1030 1326 1147 1397 verum
1165 1333 1277 1398 occulto

14 1466 19 1474 ·
69 1509 72 1513 ,
113 1506 115 1510 ,
155 1439 1276 1526 quodammodoadCuratostraosmissafuerit,eo,ut·dicitur,scopo,

6 1578 41 1620 ῃ
110 1570 113 1575 ·
156 1569 217 1634 quo
235 1554 435 1616 attentionem
453 1549 595 1611 Nationis
613 1548 672 1611 boc
689 1549 812 1610 lucilius
830 1547 1022 1622 declinarct3
1048 1565 1115 1629 quo
1144 1567 1184 1611 ex
1207 1551 1279 1613 inei·

155 1660 240 1721 derrti
268 1678 329 1722 non
356 1665 482 1720 veretur
508 1656 688 1737 saepefatus
714 1654 884 1719 Comitatus
911 1674 978 1718 eam
1005 1655 1178 1722 A-ltissimo
1204 1659 1278 1722 boot

154 1774 261 1827 contra
278 1765 399 1828 Clerurn
416 1765 609 1827 Catholioum
627 1764 765 1830 formare
783 1764 961 1846 querelam,
987 1768 1081 1846 quasi
1110 1767 1139 1829 is
1165 1767 1279 1831 inimico

155 1872 258 1942 studio
276 1872 383 1936 tendat
410 1873 447 1934 ad
476 1870 719 1935 subvertendam
736 1890 851 1954 pacem
865 1880 895 1935 et
911 1872 1113 1936 harmoniam
1132 1873 1279 1950 Nationis,

5 2045 11 2053 ,
90 1986 93 1991 ”
155 1981 192 2042 ad
214 1979 450 2042 convellendam
477 1980 650 2044 libertatern
666 1987 698 2040 'et
714 1980 931 2061 aequalitatem
957 1979 1154 2063 religionum
1172 1989 1279 2046 totm-

82 2118 86 2124 ·
156 2087 283 2151 orificiis·
300 2093 512 2168 procuratam,
530 2086 566 2146 ad
584 2086 778 2168 eripiendam
794 2085 918 2148 Nationi
936 2085 1008 2148 brric
1025 2086 1165 2167 gloriam
1184 2084 1280 2170 par-id

154 2199 283 2272 partam,
302 2193 384 2274 quod
402 2180 494 2255 exilis
512 2195 585 2256 licet
603 2194 651 2266 sit,
669 2194 944 2277 indolessotamen
956 2181 1069 2258 'studio
1088 2195 1120 2259 id
1138 2199 1277 2262 obtinue-

40 2320 43 2329 ·
155 2298 204 2370 rit,
224 2306 257 2359 ut
274 2299 395 2361 reddita
412 2299 536 2363 Nationi
555 2300 759 2382 religionaria
775 2319 867 2383 pace,
884 2302 932 2374 iio,
950 2320 1031 2382 qnae
1048 2308 1277 2385 promotionem

154 2408 226 2469 boni
242 2391 358 2487 publici
375 2414 406 2470 et
422 2408 687 2471 efflorescentium
704 2407 846 2475 Nationis
861 2411 989 2500 propius
1007 2403 1171 2494 tangunt,
1210 2432 1276 2496 pro-

154 2511 299 2575 curandis
317 2515 542 2596 imperturbate
558 2515 722 2579 intendero
738 2518 885 2598 potuerit.
912 2516 1146 2591 il'Querulosis
1164 2523 1213 2584 his
1229 2522 1275 2585 scd

151 2638 280 2701 prorsus
313 2623 481 2686 infundatis
508 2624 755 2704 expositionibus
783 2625 963 2687 coronidem
974 2644 1034 2706 per
1053 2627 1084 2687 id
1103 2632 1270 2710 incip-callum

152 2743 223 2788 esse
240 2733 352 2792 asserit
370 2731 452 2791 ilem
471 2729 650 2803 Comitatus,
670 2732 751 2812 quod
769 2740 868 2795 motus
881 2733 1089 2798 exinoirlenti
1102 2746 1193 2800 matr.
1206 2742 1275 2802 mix·

150 2840 254 2897 torum
273 2838 399 2899 excitati
418 2845 526 2900 cetera
543 2841 628 2902 inter
649 2841 709 2902 hoo
727 2858 852 2921 quoque
870 2841 1044 2904 mtaustum
1063 2846 1275 2925 produxerunt

154 2947 391 3014 consectarium,
414 2953 446 3005 ut
466 2949 608 3024 quaestio
629 2946 749 3008 istbaeo
769 2949 869 3011 instar
888 2948 1121 3029 religionartae
1134 2963 1274 3024 assumta,

137 3046 214 3125 *coti
225 3051 306 3111 inter
322 3052 544 3114 Confessiones
563 3054 706 3125 diversas
724 3056 840 3117 semina
858 3061 1161 3140 spargere-incipiat,
1174 3060 1204 3123 et
1220 3082 1271 3144 pa·

152 3172 217 3216 cem
230 3156 430 3219 domesticam
449 3161 759 3238 civiumperturbare
772 3167 931 3244 pronasit.
957 3170 996 3247 g)
1009 3166 1272 3249 insuperClerom

151 3263 338 3327 Catholicum
367 3265 472 3327 laesae
499 3264 740 3329 fundamentalis
767 3273 1002 3335 constitutionis
1029 3292 1071 3337 co
1100 3295 1272 3358 quoqueox

43 3427 47 3435 ,
152 3373 253 3450 capite
270 3374 407 3452 postulat
424 3376 517 3435 toties
544 3374 627 3436 latus
653 3376 843 3454 Comitatus,
870 3380 952 3459 quod
980 3380 1221 3463 iusuperlrabita
1244 3400 1274 3445 ea

149 3479 231 3538 vilae
248 3478 373 3539 socialis
391 3483 541 3551 maxima,
569 3483 598 3542 vi
621 3482 710 3543 cuius
731 3483 861 3562 quilibet
879 3486 1045 3549 Societatis
1066 3492 1273 3574 cuiuscunque

62 3616 65 3621 ·
149 3585 224 3646 civis
242 3585 365 3666 legibus
384 3588 522 3648 eiusdem
540 3606 574 3648 se
592 3588 797 3652 subortlinare
823 3591 927 3667 debat,
947 3614 1006 3656 noo
1024 3601 1164 3662 attentis
1181 3619 1270 3681 pecu-

152 3692 279 3753 liaribus
298 3693 459 3755 lavoribus
478 3702 509 3754 et
528 3694 697 3771 beneficiis,
716 3702 804 3778 queis
827 3701 907 3762 idem
927 3702 1039 3765 Clerus
1058 3705 1091 3767 in
1108 3713 1210 3787 patria
1226 3709 1273 3771 bac

153 3799 292 3874 fruatur,
312 3818 388 3860 seve
406 3819 497 3880 supra
516 3803 605 3882 leges
622 3803 724 3885 Regni
742 3808 930 3886 elevaverit,
949 3810 1020 3872 ‹lum
1040 3815 1102 3876 sub
1119 3823 1272 3896 praetexto

120 3903 122 3907 ’
148 3906 225 3965 ritus
242 3905 385 3985 religiosi
403 3910 473 3969 talia
495 3915 665 3982 constituit,
693 3932 772 3992 quae
791 3935 859 3977 cum
876 3917 939 3998 legi
957 3919 1015 3980 bus
1034 3919 1272 3986 fundamentali-

149 4010 205 4072 bus
224 4021 329 4092 a‘perta
348 4015 450 4076 lrrmle
469 4018 631 4096 collidunt,
650 4021 812 4100 taliterque
830 4023 1034 4087 idomClcrus
1054 4030 1089 4090 in
1099 4029 1210 4111 Regno
1221 4033 1271 4092 boo

151 4124 337 4190 potestatem
356 4124 507 4184 suscitare
525 4127 658 4200 studeat,
678 4147 757 4209 quae
775 4149 870 4212 supra
888 4133 977 4211 leges
991 4132 1172 4217 Principem
1185 4156 1271 4217 aequo

148 4242 184 4285 ac
202 4223 367 4291 Notionem
385 4230 562 4312 obligantes
579 4253 614 4295 se
633 4236 759 4298 elevare
776 4241 886 4316 possit.
911 4240 947 4313 b)
966 4239 1000 4303 ld
1017 4244 1119 4307 otiam
1135 4246 1264 4326 profert:

146 4330 269 4393 Clarum
288 4335 478 4403 Catholioum
495 4358 553 4421 per
570 4341 745 4421 adoptatam
759 4347 966 4414 novamcirca
987 4357 1081 4414 matr.
1100 4356 1270 4434 mixtapra·

146 4437 208 4501 xiur
235 4437 353 4504 violare
380 4463 440 4509 non
477 4447 576 4512 solum
606 4452 803 4534 aequalitatis
830 4456 1060 4538 roligionariaa
1088 4463 1265 4546 principium
