2798 4852
577 247 731 321 -5ot
767 293 823 306 -

129 463 168 510 se
186 444 387 518 existimant,
412 441 555 508 Saxones
572 458 646 504 vero
673 442 848 524 privilegiis
864 444 928 508 suis
946 444 1079 525 antiquis
1095 451 1254 510 eteorum
1319 468 1322 473 ·

130 554 203 618 usui
223 559 254 615 et
271 549 493 616 consuetudini
519 551 550 613 in
575 550 642 612 hrt.
660 547 692 612 3.
711 551 810 632 magis
836 557 962 614 cautum
979 568 1052 615 esse
1070 552 1260 635 efflagitent,

130 680 154 724 e.
167 676 204 722 re
219 659 430 740 ipsorummet
448 640 587 726 Statuam
614 656 777 735 duximus,
809 665 843 721 ut
869 658 1068 723 difficultates
1094 660 1261 724 interillos

131 767 221 831 circa
240 766 344 830 dictos
362 772 429 829 tres
456 764 607 829 articulos
633 770 797 827 vertentes
815 764 969 830 amicabili
986 767 1214 849 compositione
1230 774 1263 829 et

134 872 307 938 concordia
323 872 382 936 sub
400 870 609 936 raiiiicalione
624 869 737 934 Nostra
754 870 786 932 C.
813 869 914 954 llegia
932 873 1132 957 complanare
1148 872 1259 937 stude·
1365 884 1368 891 ·

135 985 208 1057 ant,
232 974 292 1043 ha'c
316 996 392 1042 vero
418 996 483 1042 non
500 977 712 1051 succedente,
740 977 853 1042 auditis
870 981 1022 1062 partibor,
1050 984 1262 1062 opinioneque

121 1073 392 1151 ¹consiliariorum
419 1091 599 1151 nostrorum
625 1086 915 1151 l'ranssilvanorum
941 1088 1077 1169 desuper
1098 1089 1262 1154 intellecta

134 1193 291 1275 reliquum
301 1192 401 1257 Nobis
419 1194 481 1256 erit
496 1192 527 1257 id
544 1192 678 1275 deniqne
697 1212 754 1275 pro
766 1212 895 1258 munere
913 1202 1022 1261 nostro
1039 1196 1071 1258 G.
1089 1196 1124 1259 ll.
1143 1197 1260 1261 decer-

135 1320 228 1379 nere,
245 1299 327 1384 quod
343 1303 458 1365 iustum
476 1307 508 1364 et
523 1319 654 1382 aequum
672 1309 863 1384 compertum
881 1302 1005 1367 luerit.“
1022 1336 1065 1351 -
1082 1303 1178 1368 Porro
1188 1305 1261 1370 ’Μα-
1291 1366 1293 1371 .

136 1417 194 1494 ria
210 1413 363 1477 Thermia
379 1419 437 1475 art.
457 1413 487 1474 6.
505 1411 667 1477 Novellari
680 1432 707 1477 a.
722 1412 817 1475 1744.
835 1413 941 1477 Staius
957 1414 1208 1480 Transsilvaniae
1222 1414 1279 1476 de·
1383 1436 1386 1443 ·

136 1521 285 1584 libertate
301 1520 492 1602 religionum
508 1521 558 1584 his
573 1520 679 1584 verbis
696 1538 826 1585 securos
840 1538 912 1585 esse
929 1522 1038 1585 iussit:
1063 1521 1120 1596 „ln
1136 1525 1262 1603 reliquo

137 1631 306 1695 universos
324 1636 355 1692 et
372 1628 517 1711 singulos
533 1627 640 1691 fideles
656 1627 753 1692 Nobis
771 1627 903 1692 dilectos
920 1646 1013 1692 carae
1030 1629 1129 1696 Nobis
1143 1630 1262 1694 Trans-

137 1735 290 1801 silveaiae
307 1737 397 1799 trium
414 1733 577 1805 Nationum
595 1735 698 1800 Status
717 1744 748 1799 et
758 1734 893 1800 Ordines
911 1739 981 1801 sine
997 1736 1179 1801 discrimine
1196 1738 1266 1802 lle-.
1318 1799 1326 1807 .

137 1829 304 1927 rigionum,
322 1847 413 1907 etiam
430 1844 461 1908 S.
479 1840 565 1906 Rom.
584 1842 939 1908 CatholicaeEcclesiae
956 1842 1067 1907 Graeci
1083 1845 1171 1908 Ritus
1188 1845 1265 1909 Uni·

139 1959 255 2025 torum,
274 1970 342 2016 cum
361 1959 392 2015 et
409 1952 469 2034 ipsi
486 1950 635 2014 Catholici
653 1953 725 2023 sint,
742 1950 901 2014 reddimus
919 1951 1007 2014 hisce
1030 1959 1145 2029 certos,
1162 1959 1193 2014 et
1212 1971 1266 2015 se·

140 2074 248 2137 curos,
265 2076 326 2123 non
344 2075 436 2123 secus
453 2075 489 2120 ao
506 2057 586 2122 alios
605 2060 731 2140 quosvis
747 2060 885 2121 cuiusvis
902 2057 1020 2139 gradus
1032 2066 1064 2123 et
1075 2059 1264 2124 conditionis

142 2165 292 2231 eiusdem
312 2165 510 2245 Principetus
522 2165 641 2228 incolas
653 2164 856 2228 universoset
871 2166 1025 2248 singulos,
1037 2167 1118 2248 quod
1138 2167 1265 2230 eosdem
1287 2227 1290 2234 .

141 2275 175 2336 in
192 2275 258 2337 suis
271 2272 406 2357 juribus,
419 2272 554 2353 legibus,
571 2272 755 2354 privilegiis,
782 2274 1090 2354 immunitatibusquc
1118 2282 1149 2337 et
1167 2274 1267 2337 indul-

142 2385 196 2455 tis,
215 2399 295 2463 quae
312 2379 459 2444 videlicet
477 2381 515 2442 ah
532 2380 689 2443 altedic'tis
706 2380 949 2463 Angustissimis
963 2382 1268 2447 Praedecessorihos

144 2488 418 2577 seuqdiplometioe
434 2505 492 2550 seu
509 2487 577 2550 aliis
595 2504 718 2550 sacrum
735 2487 795 2579 hoc
813 2487 951 2567 Diqloma
969 2490 1086 2552 secutis
1102 2491 1268 2572 benignis·
1372 2541 1375 2547 .

147 2596 235 2660 simis
250 2595 505 2660 Resoluiionibus
522 2603 553 2657 et
570 2594 787 2658 sanctionibus
805 2602 865 2658 tam
878 2596 960 2659 circa
979 2616 1070 2660 sacra
1089 2615 1268 2681 quampro-

146 2704 221 2768 lana
238 2721 330 2766 carae
348 2698 445 2766 Nobis
463 2701 718 2766 'lranssilvaniae
731 2719 883 2766 concessa
901 2710 933 2766 et
944 2702 1062 2767 indulta
1081 2701 1180 2780 luere,
1198 2706 1266 2768 cle-

146 2811 340 2875 mentissime
357 2810 586 2890 confirmemus,
602 2829 711 2875 verum
729 2811 821 2874 etiam
838 2809 958 2875 illibate
974 2812 1070 2876 simus
1088 2829 1266 2877 conserva-

147 2920 274 3011 turae.“
303 2916 387 2982 ldem
402 2936 533 2999 prorsus
550 2922 649 2982 ceteri
666 2937 791 3000 quoqne
816 2918 950 3000 Augusti
966 2920 1126 3001 Principes
1144 2921 1270 2985 occasi·
1371 2908 1387 2933 ³

148 3046 212 3092 one
227 3025 330 3090 aditus
345 3027 519 3111 Regiminis
535 3026 699 3103 lecerunt*²
724 3032 756 3088 et
772 3027 805 3088 in
820 3028 885 3093 suis
900 3025 1072 3106 Rescriptie
1089 3028 1270 3091 Assecora-
1382 3061 1385 3067 ·

149 3137 241 3200 toriis
263 3132 357 3214 {idem
382 3152 553 3218 numqaum
578 3133 757 3197 violabilem
783 3134 1051 3212 interposuerunt.
1085 3132 1217 3215 insuper
1241 3138 1272 3199 in

151 3247 325 3307 memorato
343 3249 400 3307 art.
425 3242 455 3303 6.
483 3241 646 3324 sequentia
672 3241 773 3304 adhuc
800 3239 1028 3304 continentur:
1054 3239 1159 3323 „quod
1175 3250 1271 3322 porro

154 3350 296 3436 Approb.
313 3350 442 3415 Constit.
469 3351 502 3413 P.
520 3350 570 3414 lll.
587 3352 632 3413 tit.
653 3347 680 3410 l.
698 3349 787 3412 artic.
804 3349 946 3421 unicam,
964 3349 1272 3430 subsequentemque

153 3476 252 3542 super
268 3458 387 3522 Unione
412 3460 576 3523 iuramenti
593 3458 775 3534 formulam,
801 3458 938 3540 huicque
964 3457 1121 3520 subnexas
1144 3455 1273 3520 Unionis

153 3567 353 3631 conditiones
369 3567 495 3630 attinet:
520 3583 583 3630 non
600 3574 659 3639 esi,
676 3584 780 3647 neque
796 3567 855 3630 luit
877 3565 1043 3629 consilium
1061 3565 1199 3630 Statihus
1217 3582 1272 3628 ar-

153 3676 281 3739 ticulum
298 3675 380 3738 honc
396 3676 427 3738 in
444 3672 594 3738 moderna
608 3675 699 3737 litera
715 3673 907 3756 relinquere,
924 3673 979 3736 sed
995 3671 1095 3735 adhuc
1112 3674 1169 3735 suh
1186 3672 1273 3737 initio

152 3783 283 3846 Diaetae
299 3788 485 3846 conventum
502 3800 598 3864 sopor
614 3799 653 3845 eo
669 3781 791 3856 fuerat,
812 3764 893 3844 utin
912 3787 1001 3864 parte
1019 3779 1078 3842 iuri
1095 3777 1270 3862 llajestatis
1337 3842 1340 3847 .

113 3891 116 3897 “
155 3892 330 3974 derogante
346 3893 430 3966 inter
444 3893 634 3972 praemissos
649 3889 688 3954 de
698 3889 899 3953 Maiestatieis
910 3887 1059 3952 articulos
1077 3887 1275 3967 abrogaren-

155 4009 216 4064 tur.
232 4031 276 4044 -
296 4031 333 4044 ·-
353 3999 385 4060 ln
403 4006 550 4081 quantum
568 4013 644 4061 vero
660 3998 818 4079 Religioni
835 3997 868 4076 R,
882 3994 1063 4060 Catholicae
1079 3993 1277 4075 pracindici—
1320 3990 1323 3997 '

156 4109 206 4170 osi
223 4107 255 4170 in
272 4106 383 4169 iisdem
398 4106 598 4190 recapitulari
615 4105 781 4182 videntur,
809 4107 841 4167 in
869 4108 985 4166 tantum
1012 4101 1097 4164 inter
1123 4095 1275 4164 articulos

129 4212 259 4278 eidem
283 4214 440 4296 Religioni
471 4214 724 4295 praeiudiciosos
757 4213 904 4293 abrogari
936 4208 1123 4286 statuimus,
1153 4206 1277 4288 reliqna
1373 4220 1378 4233 ‘

101 4310 106 4321 ’
157 4331 259 4406 parte,
277 4343 338 4406 qoa
353 4322 530 4389 libertatem
547 4323 691 4386 exercitii
717 4322 858 4401 receptis
884 4318 1094 4403 religionibus
1111 4316 1277 4398 permitte·

157 4437 241 4505 rent,
258 4437 290 4492 et
305 4429 469 4493 Nationum
485 4437 684 4511 receptarum
700 4435 835 4492 mutuam
852 4427 962 4490 inrinm
980 4432 1010 4487 et
1021 4425 1127 4506 legum
1145 4439 1280 4486 conser-

232 4552 390 4621 ananum,
403 4552 524 4629 numm
537 4552 635 4605 nona.
646 4551 697 4604 111.
957 4557 960 4561 >
1032 4546 1065 4597 es
