2798 4852
383 261 402 328 Ὗ
468 226 982 399 -’·-’456··τᾎ,.’
1055 367 1059 375 .
1136 353 1139 361 1

14 534 22 546 ,
81 482 84 488 “
144 425 1245 558 26:179⁰s1.postularipotest,·idqueeominus,quodbenedictio·
1295 558 1297 563 Ι

62 654 64 660 A
144 580 215 647 nein
230 582 446 664 coniugalem,
476 598 566 663 quam
593 595 729 659 sponsus
750 576 961 660 Evangelicus
979 577 1248 678 praetendendiius
1281 594 1283 600 ⁴

144 690 491 782 nonhabeat‘,-sponsa
509 706 586 754 vero
603 685 763 752 Catholica
779 683 887 766 proles
904 703 1012 764 suasa
1030 684 1137 752 Sacris
1153 687 1250 752 Gathe-

23 792 41 847 5
77 869 80 877 f
145 796 342 880 licisalienis
360 795 555 869 devovendo,
568 784 603 858 et
620 794 678 858 boc
695 793 954 875 ipso‘doctrinae,
973 810 1094 876 scopo,
1113 816 1150 860 ac
1165 795 1252 859 inten-

144 892 222 969 tioni
248 901 412 968 Ecclesiae
431 902 525 969 cath·
544 901 764 997 refragando,
795 903 1050 985 praecipuaeque
1075 904 1254 986 obligationi,

120 1025 122 1029 ·
146 1030 205 1094 qua
222 1011 386 1076 Ecclesiae
403 1008 580 1074 Catholicae
598 1010 825 1097 obstringitur,
849 1027 914 1074 non
933 1009 1172 1084 satisfaciendo,
1189 1031 1254 1076 ean-

83 1118 108 1158 1‘
144 1120 212 1183 dem
228 1117 478 1183 benedictionem
504 1108 703 1201 coniugalem
729 1118 791 1181 nori
818 1125 974 1193 meretur,
999 1120 1160 1202 impertiri
1184 1121 1254 1184 satm

31 1275 34 1283 .
146 1227 361 1291 conscientiae
378 1222 545 1289 dictamine
562 1243 625 1290 non
641 1231 784 1306 poterat3
802 1226 882 1290 hanc
899 1229 1089 1308 ceteroquin
1108 1226 1147 1290 ad
1165 1246 1255 1293 essen·

55 1403 58 1407 ,
84 1308 91 1395 s
145 1331 502 1411 tialemmatrimonialis
514 1328 744 1396 coniunctionis
755 1331 894 1409 valorem
910 1351 969 1397 nec
985 1333 1040 1398 lex
1058 1333 1256 1400 ecclesiastica

120 1518 124 1526 Ι
144 1441 277 1520 requirit
293 1457 353 1503 nec
370 1440 470 1502 civilis
488 1440 651 1522 praecipit,
669 1438 795 1503 sednec
811 1434 995 1522 praecipere
1011 1449 1143 1525 potest3
1160 1442 1254 1506 limites

14 1540 19 1549 '
79 1566 81 1571 ⁴
145 1548 226 1609 enim
243 1548 352 1613 civilis.
366 1549 533 1627 potestatis
558 1545 682 1626 excedit
699 1547 851 1612 derebus
880 1549 1097 1635 spiritualibus
1116 1557 1149 1615 et
1165 1552 1255 1624 sacris,

60 1639 63 1644 ’
122 1660 184 1717 ὐτ
204 1659 252 1716 est
279 1653 456 1717 benedictio
482 1652 681 1737 coniugatis,
713 1655 790 1717 ritus
817 1656 920 1743 sacri,
953 1655 1253 1727 administrandorum

53 1779 69 1821 ·.
118 1752 419 1825 foramentorum
436 1761 529 1837 ratio,
545 1758 736 1838 decerncre;
748 1742 837 1843 „unde
853 1760 1116 1842 quemadmodum
1132 1765 1165 1826 in
1180 1780 1254 1847 prae·
1295 1836 1297 1845 Ι

103 1941 123 1961 f
145 1867 243 1930 citata·
265 1867 399 1931 demissa
425 1870 695 1931 remonstratione
713 1886 781 1932 mea
798 1865 848 1932 dd.
865 1865 897 1930 8:
914 1867 990 1930 Dec'.
1007 1885 1039 1939 a.-
1056 1887 1088 1951 p.
1106 1868 1252 1946 homagiali
1295 1892 1297 1923 ἡ

145 1994 213 2039 cum
230 1975 397 2063 devotione
415 1973 568 2037 altissimo
584 1973 656 2036 Mai.
673 1975 757 2038 Vrae
774 1972 1019 2039 SSmaeobtutui
1036 1967 1195 2039 substrata
1208 1976 1253 2040 bu·
1295 1942 1297 2063 l

28 2123 31 2127 -
79 2091 102 2119 “·
146 2077 272 2146 milliare
285 2080 541 2145 'animadvertere
558 2083 711 2155 sustinui,
729 2081 854 2145 articuli
870 2073 933 2142 26(
950 2077 1071 2161 trote.
1091 2083 1253 2163 conditores

50 2216 57 2225 ·
145 2191 183 2254 ad
208 2209 245 2253 ea
278 2171 415 2267 lantum,
446 2207 527 2270 quae
552 2187 590 2251 ad
611 2180 763 2253 'ambitum
781 2188 887 2253 ,civilis
917 2192 1098 2278 potestatis
1119 2198 1252 2274 spectant,

4 2311 28 2384 f
54 2303 57 2310 '
106 2337 109 2344 ·
144 2297 281 2362 restricti
299 2295 540 2386 dispositionem
562 2296 684 2360 articuli
702 2284 759 2359 26}
773 2314 969 2379 nequaquam
986 2296 1027 2361 ad
1042 2285 1215 2380 spiritualia
1230 2303 1253 2363 et

55 2442 79 2485 g
145 2403 287 2478 ritualia,
304 2404 350 2493 uti
377 2411 448 2467 sunt
473 2419 591 2484 preces
613 2411 644 2466 et
668 2404 857 2469 benedictio·
874 2407 1073 2493 coniugalis,
1102 2405 1254 2473 exterdere

145 2516 311 2593 potuerant
321 2546 329 2589 ,
356 2518 449 2594 atque
465 2511 538 2576 ideo
555 2514 668 2576 intuitu
685 2513 849 2577 mixtorum
866 2520 955 2579 matr.
973 2532 1036 2578 non
1052 2514 1086 2578 id
1105 2515 1254 2599 disposua·
1295 2544 1297 2587 ι

37 2656 49 2719 '-
144 2626 226 2694 rant,
243 2625 277 2682 ut
289 2619 403 2706 eadem
417 2617 669 2707 {benedicentem
687 2619 783 2684 sedid
800 2628 937 2697 tantum,
955 2629 988 2685 ut
1007 2640 1116 2685 coram
1134 2624 1253 2704 parocho

143 2726 308 2805 catholico,
325 2728 487 2803 ineantur3
515 2746 533 2788 e
560 2728 621 2808 quo
648 2729 729 2790 ultro
756 2730 959 2808 consequitur
983 2727 1078 2805 illud,
1107 2731 1190 2812 quod
1209 2729 1253 2793 sub
1295 2722 1297 2753 ²

23 2883 27 2889 .
143 2832 390 2915 impedimentis,
409 2826 488 2912 quae
506 2835 609 2898 mixtis
626 2833 828 2898 matrimoniis
846 2832 937 2898 obiici
954 2835 1056 2899 vetuit
1085 2839 1161 2909 (art.
1187 2837 1251 2910 26),
1295 2872 1297 2905 ;

43 2935 47 2940 ’
145 2958 207 3004 non
225 2940 456 3018 benedictionis
473 2940 648 3022 coniugalis
664 2943 837 3022 rituumque
854 2943 1156 3009 ecclesiasticorum
1174 2945 1255 3008 dene·
1293 2918 1297 2961 ¹

54 3099 58 3106 .
90 3124 94 3131 .
144 3050 300 3131 gationem
318 3047 642 3128 (quemadmodumid
660 3051 752 3113 otiam
778 3048 989 3132 legislationis
1013 3052 1045 3115 in
1073 3052 1213 3119 Comitiis
1233 3071 1254 3113 a.

88 3162 91 3167 ’
146 3153 271 3234 183640.
292 3173 366 3236 pars
384 3157 547 3238 integrans
564 3156 678 3220 Tabula
697 3157 865 3220 Procerum
881 3178 939 3242 per
957 3158 1114 3232 disertum
1133 3179 1255 3243 pronun·

16 3284 24 3292 ··
47 3310 53 3327 ,
97 3287 101 3296 ·
139 3263 266 3336 elavit),
278 3262 333 3324 sed
345 3260 417 3324 talia
429 3268 546 3349 tantum
563 3261 783 3344 impedimenta
800 3263 1001 3339 intellexerit,
1013 3285 1097 3348 quae
1111 3268 1256 3332 matrimo-

94 3435 97 3439 ,
141 3370 223 3433 nium
239 3368 429 3450 impossibile
440 3366 586 3432 reddunt.
605 3368 678 3432 Cum
696 3377 798 3432 autem
815 3370 907 3433 etiam
920 3372 995 3434 citra
1015 3372 1256 3439 benedictionem

141 3493 240 3557 penes
257 3476 466 3541 assistentiam
492 3477 645 3572 passivam
668 3495 779 3540 ,verum
799 3485 828 3540 ct
849 3477 1018 3560 legitimum
1045 3485 1256 3549 matrimonium

29 3654 32 3659 ¹
142 3583 1255 3677 quaestionatisponsiinirepotuerint,ctpossint,quemadmodumplu·

84 3753 87 3757 ,
139 3690 517 3765 resaliiiniverunt,nulla
530 3691 713 3755 articuli26.
725 3691 1041 3759 mixtismatrimoniis
1055 3698 1256 3780 impedimento

140 3796 212 3876 poni
228 3798 366 3865 vetantis
383 3796 509 3861 violatio
526 3798 749 3874 subversatur3
776 3790 981 3879 quamobrem
1008 3805 1254 3883 quemadmodum

140 3902 293 3976 tribunal,
319 3921 425 3966 coram
452 3921 513 3984 quo
531 3912 617 3968 stare
642 3905 725 3969 latus
742 3907 901 3971 Parochus
918 3908 1093 3975 iubebatur
1108 3961 1117 3988 ,
1135 3921 1182 3977 est
1196 3913 1254 3977 ille·

139 4008 211 4090 gale
229 4016 260 4071 et
272 4010 504 4092 incompetens,
521 4011 716 4086 tractactio,
735 4029 795 4093 qua
812 4013 893 4076 idem
910 4024 1090 4090 conventus
1108 4027 1166 4094 est,
1183 4017 1252 4082 omni

139 4112 342 4180 fundamento
368 4123 476 4192 earet,
503 4124 613 4196 estque
638 4121 722 4181 omni
745 4121 811 4182 iure
829 4121 929 4195 nulla,
955 4124 1039 4187 unde
1060 4128 1146 4190 nulla
1162 4126 1249 4190 viola-

138 4219 220 4282 tione
239 4221 319 4306 legis
345 4223 570 4305 religionariae
596 4224 805 4291 subversante
831 4248 890 4292 nec
913 4248 1018 4309 poena
1036 4231 1118 4298 600.
1135 4235 1165 4300 ll.
1181 4248 1248 4315 quac

138 4329 317 4402 intentatur,
337 4330 399 4393 ullo
418 4333 486 4394 iure
503 4332 601 4416 infligi
619 4340 723 4415 potest
733 4353 742 4410 3
762 4337 881 4398 sanctio
900 4339 982 4400 enim
1002 4340 1156 4420 poenalis,
1172 4353 1249 4421 quart

91 4532 100 4547 .
138 4436 197 4495 art.
216 4432 273 4497 tt:
294 4434 388 4498 1647.
406 4436 557 4514 decernit,
577 4459 632 4506 eos
644 4447 761 4506 tantum
778 4442 862 4523 ierit,
880 4445 932 4529 qui
950 4447 1078 4533 templa,
1092 4447 1251 4536 parochias»
