2798 4852
584 254 831 355 ..aar-I-

1 541 2 544 ,
51 480 54 484 ’
128 467 304 533 Asstllfflllvi
339 496 394 544 eas
427 480 550 562 nuptias
575 479 698 550 inituri,
733 493 825 560 quum
851 475 926 540 nihil
957 468 1094 563 ipsoram
1118 475 1209 541 intersit

6 653 8 657 ¹
128 578 298 658 incilibus
339 587 519 651 Catholicae
544 584 724 659 Ecclesiae,
754 604 770 646 a
798 587 885 650 cuius
902 584 1030 648 unitate
1058 584 1143 649 alieni
1163 598 1212 646 esse

78 697 82 703 '
128 685 248 754 volant.
272 689 501 759 catholicorum
531 711 646 778 porro,
679 691 831 756 connubia
864 692 1033 756 eadem‘in
1057 691 1215 757 scaminu-

127 815 249 881 raeque
275 796 372 881 prolis
399 801 591 883 spiritualem
626 799 797 880 perniciem
824 799 1088 879 contrahentium,
1116 796 1218 862 visulla

130 914 236 987 potest
252 902 378 989 gra'vior
396 913 558 974 temeritas
577 927 671 980 esse,
697 925 785 991 quam
805 914 837 970 ut
855 913 955 978 actum
972 925 989 968 a
1006 925 1042 970 sc
1062 914 1162 970 contra
1174 906 1219 968 Ec-

134 1015 252 1077 clesiae
270 1022 401 1079 sanctae
417 1016 683 1097 regulasgestum
706 1032 798 1077 sacro
816 1013 979 1078 Ecclesiae
995 1017 1058 1077 ritu
1086 1014 1217 1078 bonoran·
1270 1046 1271 1052 κ

135 1119 206 1183 dum
223 1123 424 1186 contendant.

63 1206 68 1217 ’
219 1227 294 1290 illud
312 1227 425 1294 deinde
441 1231 537 1313 longe
554 1230 698 1293 acerbius
714 1228 810 1292 Nobis
828 1228 961 1304 accidit,
986 1229 1069 1310 quod
1095 1227 1219 1293 Canonloi
1269 1294 1271 1313 ‚

131 1336 182 1397 isti
207 1334 262 1397 Tui
290 1346 398 1401 contra
425 1338 616 1401 manifestam
642 1335 800 1400 Camenam
834 1336 987 1398 rationem
1005 1343 1036 1398 et
1054 1344 1221 1416 contrapos-

16 1469 18 1477 ·
129 1449 260 1523 spectas
278 1446 336 1509 sibi
353 1446 488 1510 Sanctae
505 1446 595 1509 huius
614 1442 703 1507 Sedis
730 1442 959 1506 declarationes
979 1447 1164 1526 componere
1177 1439 1222 1504 ausi

49 1558 53 1572 ¹
132 1556 203 1612 sunt
218 1569 275 1632 pro
293 1552 450 1617 eiusmodi
462 1555 582 1633 'nuptiis
594 1571 706 1615 noram
723 1549 883 1633 quamdam
900 1554 1067 1632 minusque
1085 1533 1222 1615 solemnem

131 1675 261 1737 precum
279 1661 428 1741 sacrique
444 1661 523 1724 ritus
541 1661 690 1733 sormam,
716 1667 810 1740 atque
837 1661 969 1739 insuper
986 1661 1112 1722 minime
1127 1656 1224 1722 dubita·

14 1782 18 1795 ’
133 1773 248 1831 verunt
261 1767 399 1848 prodere
417 1767 484 1830 aliis
509 1786 633 1849 quoque
651 1772 680 1831 in
697 1770 793 1831 rebus
812 1763 975 1830 Ecclesiae
993 1785 1137 1841 causam,
1153 1766 1223 1846 iisqne

132 1875 310 1945 assentire,
336 1862 418 1954 quae
437 1881 547 1946 contra
565 1875 704 1937 eiusdem
725 1876 903 1957 libertatem
925 1882 957 1937 et
973 1874 1040 1938 iura
1059 1874 1224 1956 sanctissima

135 1982 307 2057 invaluisse
323 1982 415 2045 isthic
437 1981 590 2046 dicuntur.
614 1982 680 2046 Nos
698 1983 804 2063 itaque
821 1983 916 2046 cilicii
934 2001 1089 2047 memores
1106 1984 1224 2048 sancien-

5 2093 8 2099 ’
60 2138 62 2143 .
136 2090 245 2154 dorum
280 2097 312 2152 et
339 2091 626 2155 conservandorum
652 2086 812 2162 Ca'nonum
841 2109 877 2153 ac
902 2090 1092 2155 tuendorum
1116 2087 1227 2173 inprimis

136 2187 299 2261 Ecclesiae
327 2200 456 2272 iuriam,
491 2199 572 2281 quod
607 2198 704 2262 Nobis
730 2197 805 2263 licet
831 2199 1064 2263 immerentibus
1090 2219 1107 2262 a
1133 2176 1228 2262 Christo

47 2361 51 2365 .
140 2304 271 2369 Domino
288 2305 319 2367 in
336 2304 426 2368 Petro
444 2306 595 2389 Apostolo
614 2306 716 2367 datam
740 2312 809 2377 est,
834 2306 1042 2387 improbemus
1059 2306 1230 2369 Auctoritas

137 2413 320 2501 Apostolica
337 2414 415 2475 hanc
440 2412 562 2477 illorum
582 2413 697 2496 agendi
714 2413 886 2490 rationem,
911 2414 1062 2495 ipsosque
1083 2411 1250 2476 arnonius·

75 2603 77 2607 Ι
138 2519 300 2593 volumus,
317 2527 350 2583 ut
375 2522 572 2602 recogitent,
599 2540 687 2602 quarn
714 2539 811 2600 grave
838 2519 993 2602 piaculum
1019 2522 1059 2582 sit
1077 2519 1232 2585 deseruisse

137 2628 170 2690 in
186 2628 282 2690 rebus
297 2630 373 2692 tanti
390 2628 536 2692 momenti
553 2645 678 2690 causam
695 2627 878 2699 Ecclesiae,
905 2627 1037 2708 eiusque
1054 2628 1168 2691 iurium
1183 2624 1233 2688 vio·

141 2734 249 2799 lationi
267 2753 352 2798 suam
370 2736 556 2798 sententiam
578 2743 671 2817 atque
688 2753 813 2814 operam
841 2734 1075 2807 accomodasse.

247 2841 356 2904 Datum
383 2841 498 2903 Romae
525 2839 603 2920 apud
625 2841 656 2905 S.
675 2841 797 2905 Petrum
816 2842 865 2903 die
883 2841 914 2904 2.
931 2827 1093 2903 Decembr.
1114 2839 1207 2904 1843.

659 3023 746 3096 529.

81 3253 84 3263 ,
141 3195 324 3255 Declaralio
345 3196 492 3255 officiosa
521 3196 700 3266 Regiminis
720 3195 993 3264 Wtirtemberglcl
1016 3194 1174 3251 adversus
1195 3181 1262 3251 plo·

140 3289 259 3346 tionem
279 3288 365 3362 Eppi
387 3288 697 3358 huenburgensis,
717 3287 883 3356 signanter
905 3287 1004 3342 etlam
1027 3287 1134 3357 quoad
1153 3263 1269 3342 maffl'

408 3380 516 3436 monia
530 3380 652 3444 mixta,
673 3393 702 3433 a.
715 3377 805 3433 1843.
825 3378 991 3449 praestita.

230 3512 277 3576 Ex
295 3531 356 3595 quo
373 3499 559 3600 tempore'in
577 3510 830 3593 Wiirtembergia
854 3510 1037 3573 Catholicae
1054 3517 1127 3572 sunt
1144 3502 1269 3574 13chss

81 3690 83 3694 ,
143 3621 226 3693 siae,
245 3639 324 3702 quae
342 3620 380 3681 acl
397 3638 508 3682 aunum
525 3638 624 3702 usque
644 3616 740 3680 1803.
757 3618 799 3679 ibi
817 3635 880 3681 non
897 3618 1147 3700 reperiebantur,
1165 3616 1223 3681 Pri
1235 3613 1271 3667 ss

141 3732 227 3813 cipes
243 3728 335 3791 huius
350 3728 490 3810 regionis
508 3730 576 3791 iura
592 3747 651 3810 pro
668 3733 822 3809 potestate
839 3727 963 3809 publica
980 3728 1069 3790 circa
1088 3723 1271 3791 Ecclesiss

144 3835 334 3904 Catholioam
352 3837 411 3900 sibi
428 3838 635 3917 competentia
653 3836 785 3918 primum
802 3855 859 3918 per
876 3836 1055 3916 Supremam
1068 3835 1194 3898 Curiam
1204 3828 1271 3916 pfl

143 3961 255 4011 recens
274 3946 434 4025 acquisitis
452 3944 723 4026 Wlirtembergiae
739 3945 909 4024 provinciis
926 3936 1033 4005 Elvaci
1051 3946 1229 4008 constituta
1251 3936 1271 3981 ¹

143 4062 254 4137 postea
281 4071 359 4116 vero
386 4051 478 4127 (inde
504 4053 542 4114 ab
561 4071 588 4114 a.
617 4050 731 4125 1806.)
757 4070 813 4132 per
839 4051 998 4134 peculiare
1024 4048 1197 4134 Collegium
1224 4047 1271 4099 A

145 4160 306 4223 catholicis
323 4167 442 4224 tantum
460 4160 696 4235 assessoribus,
715 4177 794 4241 quos
811 4163 893 4222 inter
911 4159 970 4221 duo
990 4155 1271 4239 Clericiscompd

146 4271 258 4340 situm,
283 4269 450 4333 Consilium
475 4270 733 4332 Ecclesiastiecm
752 4269 945 4332 Cotbob‘ccm
963 4267 1089 4340 dictum,
1108 4262 1271 4329 exercuss

144 4381 228 4438 runt.
258 4373 359 4454 Opera
386 4378 423 4438 ab
449 4377 511 4440 hoc
535 4377 675 4459 collegio
702 4377 874 4457 praestita,
900 4377 949 4438 cui
966 4377 1073 4457 utique
1091 4375 1230 4457 singular

102 4500 249 4559 ¹ssreram
275 4498 434 4546 sacrarum
463 4485 604 4548 conditio
629 4487 660 4548 in
685 4486 779 4545 terris
810 4483 993 4557 catholicis,
1027 4500 1108 4565 quac
1134 4461 1271 4545 ditior?
