<?xml version="1.0" encoding="UTF-8"?>
<!DOCTYPE html PUBLIC "-//W3C//DTD XHTML 1.0 Transitional//EN"
    "http://www.w3.org/TR/xhtml1/DTD/xhtml1-transitional.dtd">
<html xmlns="http://www.w3.org/1999/xhtml" xml:lang="en" lang="en">
 <head>
  <title>
</title>
<meta http-equiv="Content-Type" content="text/html;charset=utf-8" />
  <meta name='ocr-system' content='tesseract 3.04.00' />
  <meta name='ocr-capabilities' content='ocr_page ocr_carea ocr_par ocr_line ocrx_word'/>
</head>
<body>
  <div class='ocr_page' id='page_1' title='image "./dematrimoniismi00roskgoog_0550.png"; bbox 0 0 2798 4852; ppageno 0'>
   <div class='ocr_carea' id='block_1_1' title="bbox 575 220 917 351">
    <p class='ocr_par' dir='ltr' id='par_1_1' title="bbox 575 220 917 351">
     <span class='ocr_line' id='line_1_1' title="bbox 575 220 917 351; baseline 0.006 -2"><span class='ocrx_word' id='word_1_1' title='bbox 575 220 917 351; x_wconf 59' lang='lat' dir='ltr'><strong>-tor-·⁹</strong></span> 
     </span>
    </p>
   </div>
   <div class='ocr_carea' id='block_1_2' title="bbox 97 469 1395 4548">
    <p class='ocr_par' dir='ltr' id='par_1_2' title="bbox 126 469 1254 661">
     <span class='ocr_line' id='line_1_2' title="bbox 126 469 1254 559; baseline 0.004 -20"><span class='ocrx_word' id='word_1_2' title='bbox 126 471 257 557; x_wconf 85' lang='lat' dir='ltr'><strong>vilegiis</strong></span> <span class='ocrx_word' id='word_1_3' title='bbox 273 489 311 534; x_wconf 90' lang='lat' dir='ltr'><strong>ac</strong></span> <span class='ocrx_word' id='word_1_4' title='bbox 326 471 531 553; x_wconf 86' lang='lat' dir='ltr'><strong>libertatibus,</strong></span> <span class='ocrx_word' id='word_1_5' title='bbox 548 472 613 551; x_wconf 93' lang='lat' dir='ltr'><strong>ipsa</strong></span> <span class='ocrx_word' id='word_1_6' title='bbox 631 474 723 535; x_wconf 90' lang='lat' dir='ltr'><strong>etiam</strong></span> <span class='ocrx_word' id='word_1_7' title='bbox 734 469 932 552; x_wconf 90' lang='lat' dir='ltr'><strong>impendendi</strong></span> <span class='ocrx_word' id='word_1_8' title='bbox 944 474 1116 538; x_wconf 90' lang='lat' dir='ltr'><strong>necessarii</strong></span> <span class='ocrx_word' id='word_1_9' title='bbox 1129 481 1254 559; x_wconf 89' lang='lat' dir='ltr'><strong>praesi-</strong></span> 
     </span>
     <span class='ocr_line' id='line_1_3' title="bbox 129 577 846 661; baseline -0.006 -16"><span class='ocrx_word' id='word_1_10' title='bbox 129 583 173 646; x_wconf 90' lang='lat' dir='ltr'><strong>dii</strong></span> <span class='ocrx_word' id='word_1_11' title='bbox 190 582 273 645; x_wconf 90' lang='lat' dir='ltr'><strong>ratio</strong></span> <span class='ocrx_word' id='word_1_12' title='bbox 289 577 370 642; x_wconf 87' lang='lat' dir='ltr'><strong>baud</strong></span> <span class='ocrx_word' id='word_1_13' title='bbox 388 596 511 660; x_wconf 87' lang='lat' dir='ltr'><strong>semper</strong></span> <span class='ocrx_word' id='word_1_14' title='bbox 527 579 605 643; x_wconf 89' lang='lat' dir='ltr'><strong>satis</strong></span> <span class='ocrx_word' id='word_1_15' title='bbox 622 579 768 661; x_wconf 87' lang='lat' dir='ltr'><strong>expedita</strong></span> <span class='ocrx_word' id='word_1_16' title='bbox 786 587 846 642; x_wconf 88' lang='lat' dir='ltr'><strong>est.</strong></span> 
     </span>
    </p>

    <p class='ocr_par' dir='ltr' id='par_1_3' title="bbox 131 666 1358 1307">
     <span class='ocr_line' id='line_1_4' title="bbox 180 666 1255 766; baseline 0.005 -16"><span class='ocrx_word' id='word_1_17' title='bbox 180 666 187 684; x_wconf 26' lang='grc' dir='ltr'>ι</span> <span class='ocrx_word' id='word_1_18' title='bbox 222 687 261 750; x_wconf 92' lang='lat' dir='ltr'><strong>Ut</strong></span> <span class='ocrx_word' id='word_1_19' title='bbox 277 686 398 750; x_wconf 87' lang='lat' dir='ltr'><strong>florens</strong></span> <span class='ocrx_word' id='word_1_20' title='bbox 425 703 519 749; x_wconf 88' lang='lat' dir='ltr'><strong>secus</strong></span> <span class='ocrx_word' id='word_1_21' title='bbox 545 686 577 749; x_wconf 91' lang='lat' dir='ltr'><strong>in</strong></span> <span class='ocrx_word' id='word_1_22' title='bbox 601 687 662 750; x_wconf 92' lang='lat' dir='ltr'><strong>hoc</strong></span> <span class='ocrx_word' id='word_1_23' title='bbox 678 685 789 766; x_wconf 74' lang='lat' dir='ltr'><strong>Regno</strong></span> <span class='ocrx_word' id='word_1_24' title='bbox 805 685 948 750; x_wconf 78' lang='lat' dir='ltr'><strong>Ecclesia</strong></span> <span class='ocrx_word' id='word_1_25' title='bbox 966 687 1124 751; x_wconf 81' lang='lat' dir='ltr'><strong>catholica</strong></span> <span class='ocrx_word' id='word_1_26' title='bbox 1150 710 1190 754; x_wconf 84' lang='lat' dir='ltr'><strong>ex</strong></span> <span class='ocrx_word' id='word_1_27' title='bbox 1207 692 1255 755; x_wconf 91' lang='lat' dir='ltr'><strong>bis</strong></span> 
     </span>
     <span class='ocr_line' id='line_1_5' title="bbox 144 774 1358 875; baseline 0.005 -18"><span class='ocrx_word' id='word_1_28' title='bbox 144 794 235 857; x_wconf 89' lang='lat' dir='ltr'><strong>malis</strong></span> <span class='ocrx_word' id='word_1_29' title='bbox 251 774 565 874; x_wconf 88' lang='lat' dir='ltr'><strong>impendentibusque</strong></span> <span class='ocrx_word' id='word_1_30' title='bbox 582 791 683 856; x_wconf 90' lang='lat' dir='ltr'><strong>adbuc</strong></span> <span class='ocrx_word' id='word_1_31' title='bbox 698 793 757 856; x_wconf 88' lang='lat' dir='ltr'><strong>sibi</strong></span> <span class='ocrx_word' id='word_1_32' title='bbox 772 792 971 875; x_wconf 77' lang='lat' dir='ltr'><strong>gravioribus</strong></span> <span class='ocrx_word' id='word_1_33' title='bbox 989 794 1133 875; x_wconf 83' lang='lat' dir='ltr'><strong>periculis</strong></span> <span class='ocrx_word' id='word_1_34' title='bbox 1148 797 1255 862; x_wconf 88' lang='lat' dir='ltr'><strong>illaesa</strong></span> <span class='ocrx_word' id='word_1_35' title='bbox 1354 786 1358 791; x_wconf 64' lang='grc'><strong>’</strong></span> 
     </span>
     <span class='ocr_line' id='line_1_6' title="bbox 132 898 1256 987; baseline 0.004 -22"><span class='ocrx_word' id='word_1_36' title='bbox 132 901 237 984; x_wconf 90' lang='lat' dir='ltr'><strong>possit</strong></span> <span class='ocrx_word' id='word_1_37' title='bbox 253 918 439 983; x_wconf 83' lang='lat' dir='ltr'><strong>emergere,</strong></span> <span class='ocrx_word' id='word_1_38' title='bbox 468 898 638 987; x_wconf 84' lang='lat' dir='ltr'><strong>secundum</strong></span> <span class='ocrx_word' id='word_1_39' title='bbox 654 901 753 963; x_wconf 92' lang='lat' dir='ltr'><strong>Deum</strong></span> <span class='ocrx_word' id='word_1_40' title='bbox 770 918 843 984; x_wconf 92' lang='lat' dir='ltr'><strong>spes</strong></span> <span class='ocrx_word' id='word_1_41' title='bbox 860 903 959 965; x_wconf 92' lang='lat' dir='ltr'><strong>omnis</strong></span> <span class='ocrx_word' id='word_1_42' title='bbox 976 903 1007 967; x_wconf 92' lang='lat' dir='ltr'><strong>in</strong></span> <span class='ocrx_word' id='word_1_43' title='bbox 1024 922 1114 967; x_wconf 88' lang='lat' dir='ltr'><strong>manu</strong></span> <span class='ocrx_word' id='word_1_44' title='bbox 1131 903 1256 969; x_wconf 83' lang='lat' dir='ltr'><strong>Sancti·</strong></span> 
     </span>
     <span class='ocr_line' id='line_1_7' title="bbox 132 1008 1256 1097; baseline 0.004 -26"><span class='ocrx_word' id='word_1_45' title='bbox 132 1010 208 1071; x_wconf 88' lang='lat' dir='ltr'><strong>tatis</strong></span> <span class='ocrx_word' id='word_1_46' title='bbox 225 1008 358 1097; x_wconf 87' lang='lat' dir='ltr'><strong>Vestrae</strong></span> <span class='ocrx_word' id='word_1_47' title='bbox 384 1009 442 1071; x_wconf 90' lang='lat' dir='ltr'><strong>sita</strong></span> <span class='ocrx_word' id='word_1_48' title='bbox 471 1014 541 1071; x_wconf 84' lang='lat' dir='ltr'><strong>est:</strong></span> <span class='ocrx_word' id='word_1_49' title='bbox 573 1009 665 1072; x_wconf 93' lang='lat' dir='ltr'><strong>buius</strong></span> <span class='ocrx_word' id='word_1_50' title='bbox 691 1011 783 1072; x_wconf 91' lang='lat' dir='ltr'><strong>etiam</strong></span> <span class='ocrx_word' id='word_1_51' title='bbox 808 1009 992 1092; x_wconf 84' lang='lat' dir='ltr'><strong>sapientium</strong></span> <span class='ocrx_word' id='word_1_52' title='bbox 1013 1011 1256 1097; x_wconf 83' lang='lat' dir='ltr'><strong>nobisbenigne</strong></span> 
     </span>
     <span class='ocr_line' id='line_1_8' title="bbox 131 1113 1291 1198; baseline 0.008 -21"><span class='ocrx_word' id='word_1_53' title='bbox 131 1115 358 1179; x_wconf 84' lang='lat' dir='ltr'><strong>subventuram</strong></span> <span class='ocrx_word' id='word_1_54' title='bbox 376 1132 458 1190; x_wconf 88' lang='lat' dir='ltr'><strong>esse,</strong></span> <span class='ocrx_word' id='word_1_55' title='bbox 474 1113 544 1196; x_wconf 90' lang='lat' dir='ltr'><strong>ipso</strong></span> <span class='ocrx_word' id='word_1_56' title='bbox 557 1119 703 1196; x_wconf 89' lang='lat' dir='ltr'><strong>superius</strong></span> <span class='ocrx_word' id='word_1_57' title='bbox 720 1122 856 1180; x_wconf 85' lang='lat' dir='ltr'><strong>attactae</strong></span> <span class='ocrx_word' id='word_1_58' title='bbox 880 1118 1062 1198; x_wconf 83' lang='lat' dir='ltr'><strong>sponsionis</strong></span> <span class='ocrx_word' id='word_1_59' title='bbox 1078 1118 1257 1186; x_wconf 93' lang='lat' dir='ltr'><strong>vadimonio</strong></span> <span class='ocrx_word' id='word_1_60' title='bbox 1289 1156 1291 1161; x_wconf 93' lang='lat'>·</span> 
     </span>
     <span class='ocr_line' id='line_1_9' title="bbox 132 1219 1257 1307; baseline 0.004 -22"><span class='ocrx_word' id='word_1_61' title='bbox 132 1223 342 1286; x_wconf 89' lang='lat' dir='ltr'><strong>certissimum</strong></span> <span class='ocrx_word' id='word_1_62' title='bbox 360 1230 463 1286; x_wconf 92' lang='lat' dir='ltr'><strong>tenco.</strong></span> <span class='ocrx_word' id='word_1_63' title='bbox 489 1223 641 1305; x_wconf 83' lang='lat' dir='ltr'><strong>Equidem</strong></span> <span class='ocrx_word' id='word_1_64' title='bbox 657 1223 784 1287; x_wconf 77' lang='lat' dir='ltr'><strong>Fratres</strong></span> <span class='ocrx_word' id='word_1_65' title='bbox 809 1219 870 1287; x_wconf 89' lang='lat' dir='ltr'><strong>mei</strong></span> <span class='ocrx_word' id='word_1_66' title='bbox 888 1223 1031 1306; x_wconf 85' lang='lat' dir='ltr'><strong>Episcopi</strong></span> <span class='ocrx_word' id='word_1_67' title='bbox 1057 1243 1114 1307; x_wconf 89' lang='lat' dir='ltr'><strong>per</strong></span> <span class='ocrx_word' id='word_1_68' title='bbox 1129 1246 1178 1291; x_wconf 93' lang='lat' dir='ltr'><strong>me</strong></span> <span class='ocrx_word' id='word_1_69' title='bbox 1195 1247 1257 1292; x_wconf 91' lang='lat' dir='ltr'><strong>non</strong></span> 
     </span>
    </p>

    <p class='ocr_par' dir='ltr' id='par_1_4' title="bbox 101 1328 1353 1962">
     <span class='ocr_line' id='line_1_10' title="bbox 101 1328 1353 1417; baseline 0.005 -26"><span class='ocrx_word' id='word_1_70' title='bbox 101 1345 104 1351; x_wconf 66' lang='grc'>“</span> <span class='ocrx_word' id='word_1_71' title='bbox 133 1329 270 1393; x_wconf 89' lang='lat' dir='ltr'><strong>consilia</strong></span> <span class='ocrx_word' id='word_1_72' title='bbox 287 1328 343 1393; x_wconf 89' lang='lat' dir='ltr'><strong>sed</strong></span> <span class='ocrx_word' id='word_1_73' title='bbox 359 1348 471 1410; x_wconf 86' lang='lat' dir='ltr'><strong>preces</strong></span> <span class='ocrx_word' id='word_1_74' title='bbox 488 1331 697 1411; x_wconf 88' lang='lat' dir='ltr'><strong>candorisque</strong></span> <span class='ocrx_word' id='word_1_75' title='bbox 722 1331 954 1414; x_wconf 66' lang='lat' dir='ltr'><strong>plenissimam,</strong></span> <span class='ocrx_word' id='word_1_76' title='bbox 981 1350 1060 1412; x_wconf 90' lang='lat' dir='ltr'><strong>quae</strong></span> <span class='ocrx_word' id='word_1_77' title='bbox 1088 1333 1257 1417; x_wconf 87' lang='lat' dir='ltr'><strong>discipulas</strong></span> <span class='ocrx_word' id='word_1_78' title='bbox 1349 1384 1353 1393; x_wconf 93' lang='lat'>.</span> 
     </span>
     <span class='ocr_line' id='line_1_11' title="bbox 133 1437 1256 1520; baseline 0.004 -20"><span class='ocrx_word' id='word_1_79' title='bbox 133 1438 261 1512; x_wconf 89' lang='lat' dir='ltr'><strong>deceat,</strong></span> <span class='ocrx_word' id='word_1_80' title='bbox 279 1437 467 1503; x_wconf 88' lang='lat' dir='ltr'><strong>docilitatem</strong></span> <span class='ocrx_word' id='word_1_81' title='bbox 484 1437 522 1500; x_wconf 87' lang='lat' dir='ltr'><strong>ad</strong></span> <span class='ocrx_word' id='word_1_82' title='bbox 539 1439 630 1503; x_wconf 85' lang='lat' dir='ltr'><strong>Sedis</strong></span> <span class='ocrx_word' id='word_1_83' title='bbox 647 1437 850 1520; x_wconf 84' lang='lat' dir='ltr'><strong>Apostolieae</strong></span> <span class='ocrx_word' id='word_1_84' title='bbox 866 1438 1081 1520; x_wconf 81' lang='lat' dir='ltr'><strong>magisterium</strong></span> <span class='ocrx_word' id='word_1_85' title='bbox 1099 1438 1256 1513; x_wconf 87' lang='lat' dir='ltr'><strong>adierunt,</strong></span> 
     </span>
     <span class='ocr_line' id='line_1_12' title="bbox 135 1526 1309 1627; baseline 0 -18"><span class='ocrx_word' id='word_1_86' title='bbox 135 1548 235 1626; x_wconf 91' lang='lat' dir='ltr'><strong>inque</strong></span> <span class='ocrx_word' id='word_1_87' title='bbox 252 1545 413 1626; x_wconf 82' lang='lat' dir='ltr'><strong>sequelam</strong></span> <span class='ocrx_word' id='word_1_88' title='bbox 429 1545 589 1608; x_wconf 89' lang='lat' dir='ltr'><strong>humillimi</strong></span> <span class='ocrx_word' id='word_1_89' title='bbox 606 1547 654 1610; x_wconf 90' lang='lat' dir='ltr'><strong>sui</strong></span> <span class='ocrx_word' id='word_1_90' title='bbox 670 1538 821 1610; x_wconf 79' lang='lat' dir='ltr'><strong>recursus</strong></span> <span class='ocrx_word' id='word_1_91' title='bbox 840 1551 903 1608; x_wconf 92' lang='lat' dir='ltr'><strong>tum</strong></span> <span class='ocrx_word' id='word_1_92' title='bbox 920 1544 1025 1626; x_wconf 91' lang='lat' dir='ltr'><strong>quoad</strong></span> <span class='ocrx_word' id='word_1_93' title='bbox 1039 1526 1166 1621; x_wconf 82' lang='lat' dir='ltr'><strong>cetera,</strong></span> <span class='ocrx_word' id='word_1_94' title='bbox 1194 1556 1257 1611; x_wconf 91' lang='lat' dir='ltr'><strong>tum</strong></span> <span class='ocrx_word' id='word_1_95' title='bbox 1290 1586 1309 1627; x_wconf 88' lang='lat'><strong>·.</strong></span> 
     </span>
     <span class='ocr_line' id='line_1_13' title="bbox 135 1652 1259 1739; baseline 0.001 -24"><span class='ocrx_word' id='word_1_96' title='bbox 135 1653 243 1734; x_wconf 87' lang='lat' dir='ltr'><strong>quoad</strong></span> <span class='ocrx_word' id='word_1_97' title='bbox 261 1652 416 1716; x_wconf 87' lang='lat' dir='ltr'><strong>inductam</strong></span> <span class='ocrx_word' id='word_1_98' title='bbox 434 1670 490 1733; x_wconf 89' lang='lat' dir='ltr'><strong>per</strong></span> <span class='ocrx_word' id='word_1_99' title='bbox 507 1670 542 1716; x_wconf 91' lang='lat' dir='ltr'><strong>se</strong></span> <span class='ocrx_word' id='word_1_100' title='bbox 559 1672 628 1716; x_wconf 93' lang='lat' dir='ltr'><strong>oum</strong></span> <span class='ocrx_word' id='word_1_101' title='bbox 645 1659 820 1735; x_wconf 90' lang='lat' dir='ltr'><strong>praesumta</strong></span> <span class='ocrx_word' id='word_1_102' title='bbox 831 1652 921 1718; x_wconf 87' lang='lat' dir='ltr'><strong>Sedis</strong></span> <span class='ocrx_word' id='word_1_103' title='bbox 932 1653 1138 1739; x_wconf 84' lang='lat' dir='ltr'><strong>Apostolioae</strong></span> <span class='ocrx_word' id='word_1_104' title='bbox 1155 1653 1259 1719; x_wconf 89' lang='lat' dir='ltr'><strong>lacul-</strong></span> 
     </span>
     <span class='ocr_line' id='line_1_14' title="bbox 135 1760 1258 1846; baseline 0.003 -21"><span class='ocrx_word' id='word_1_105' title='bbox 135 1771 202 1826; x_wconf 91' lang='lat' dir='ltr'><strong>tate</strong></span> <span class='ocrx_word' id='word_1_106' title='bbox 219 1763 363 1846; x_wconf 79' lang='lat' dir='ltr'><strong>passivae</strong></span> <span class='ocrx_word' id='word_1_107' title='bbox 380 1761 581 1826; x_wconf 74' lang='lat' dir='ltr'><strong>assistentiae</strong></span> <span class='ocrx_word' id='word_1_108' title='bbox 597 1761 807 1843; x_wconf 85' lang='lat' dir='ltr'><strong>provisionem</strong></span> <span class='ocrx_word' id='word_1_109' title='bbox 825 1760 1004 1826; x_wconf 88' lang='lat' dir='ltr'><strong>Sanctitatis</strong></span> <span class='ocrx_word' id='word_1_110' title='bbox 1021 1763 1155 1826; x_wconf 87' lang='lat' dir='ltr'><strong>Vestrae</strong></span> <span class='ocrx_word' id='word_1_111' title='bbox 1173 1763 1258 1828; x_wconf 88' lang='lat' dir='ltr'><strong>deci·</strong></span> 
     </span>
     <span class='ocr_line' id='line_1_15' title="bbox 136 1868 1092 1962; baseline -0.006 -29"><span class='ocrx_word' id='word_1_112' title='bbox 136 1870 260 1934; x_wconf 91' lang='lat' dir='ltr'><strong>sionem</strong></span> <span class='ocrx_word' id='word_1_113' title='bbox 278 1868 361 1932; x_wconf 91' lang='lat' dir='ltr'><strong>llliali</strong></span> <span class='ocrx_word' id='word_1_114' title='bbox 379 1888 446 1932; x_wconf 92' lang='lat' dir='ltr'><strong>cum</strong></span> <span class='ocrx_word' id='word_1_115' title='bbox 465 1868 779 1949; x_wconf 88' lang='lat' dir='ltr'><strong>fiduciaoperiuntur.</strong></span> <span class='ocrx_word' id='word_1_116' title='bbox 872 1936 874 1941; x_wconf 51' lang='grc'><strong>,</strong></span> <span class='ocrx_word' id='word_1_117' title='bbox 1084 1951 1092 1962; x_wconf 91' lang='lat'><strong>.</strong></span> 
     </span>
    </p>

    <p class='ocr_par' dir='ltr' id='par_1_5' title="bbox 136 1954 1395 3026">
     <span class='ocr_line' id='line_1_16' title="bbox 230 1954 1260 2057; baseline 0.003 -18"><span class='ocrx_word' id='word_1_118' title='bbox 230 1977 303 2039; x_wconf 85' lang='lat' dir='ltr'><strong>Cum</strong></span> <span class='ocrx_word' id='word_1_119' title='bbox 327 1974 438 2039; x_wconf 86' lang='lat' dir='ltr'><strong>tamen</strong></span> <span class='ocrx_word' id='word_1_120' title='bbox 454 1978 521 2056; x_wconf 92' lang='lat' dir='ltr'><strong>ipse</strong></span> <span class='ocrx_word' id='word_1_121' title='bbox 548 1996 589 2038; x_wconf 82' lang='lat' dir='ltr'><strong>ex</strong></span> <span class='ocrx_word' id='word_1_122' title='bbox 615 1976 762 2040; x_wconf 85' lang='lat' dir='ltr'><strong>altissima</strong></span> <span class='ocrx_word' id='word_1_123' title='bbox 790 1954 1068 2057; x_wconf 79' lang='lat' dir='ltr'><strong>Caesareo-Regia</strong></span> <span class='ocrx_word' id='word_1_124' title='bbox 1094 1975 1207 2039; x_wconf 83' lang='lat' dir='ltr'><strong>fiducia</strong></span> <span class='ocrx_word' id='word_1_125' title='bbox 1230 1979 1260 2042; x_wconf 90' lang='lat' dir='ltr'><strong>in</strong></span> 
     </span>
     <span class='ocr_line' id='line_1_17' title="bbox 136 2082 1259 2166; baseline -0.001 -18"><span class='ocrx_word' id='word_1_126' title='bbox 136 2086 201 2149; x_wconf 94' lang='lat' dir='ltr'><strong>boc</strong></span> <span class='ocrx_word' id='word_1_127' title='bbox 219 2084 347 2166; x_wconf 83' lang='lat' dir='ltr'><strong>negotio</strong></span> <span class='ocrx_word' id='word_1_128' title='bbox 363 2091 468 2163; x_wconf 86' lang='lat' dir='ltr'><strong>partes</strong></span> <span class='ocrx_word' id='word_1_129' title='bbox 485 2090 576 2147; x_wconf 89' lang='lat' dir='ltr'><strong>etiam</strong></span> <span class='ocrx_word' id='word_1_130' title='bbox 593 2083 765 2166; x_wconf 80' lang='lat' dir='ltr'><strong>Regiminis</strong></span> <span class='ocrx_word' id='word_1_131' title='bbox 783 2082 982 2146; x_wconf 90' lang='lat' dir='ltr'><strong>sustinendas</strong></span> <span class='ocrx_word' id='word_1_132' title='bbox 1000 2083 1139 2157; x_wconf 88' lang='lat' dir='ltr'><strong>babeam,</strong></span> <span class='ocrx_word' id='word_1_133' title='bbox 1156 2083 1259 2147; x_wconf 93' lang='lat' dir='ltr'><strong>indul-</strong></span> 
     </span>
     <span class='ocr_line' id='line_1_18' title="bbox 137 2173 1262 2276; baseline 0 -22"><span class='ocrx_word' id='word_1_134' title='bbox 137 2192 229 2276; x_wconf 83' lang='lat' dir='ltr'><strong>gebit</strong></span> <span class='ocrx_word' id='word_1_135' title='bbox 246 2193 318 2254; x_wconf 88' lang='lat' dir='ltr'><strong>mihi</strong></span> <span class='ocrx_word' id='word_1_136' title='bbox 334 2192 504 2253; x_wconf 88' lang='lat' dir='ltr'><strong>clementer</strong></span> <span class='ocrx_word' id='word_1_137' title='bbox 521 2192 676 2258; x_wconf 85' lang='lat' dir='ltr'><strong>Sanctitas</strong></span> <span class='ocrx_word' id='word_1_138' title='bbox 693 2189 817 2263; x_wconf 85' lang='lat' dir='ltr'><strong>Vestro,</strong></span> <span class='ocrx_word' id='word_1_139' title='bbox 835 2192 861 2253; x_wconf 92' lang='lat' dir='ltr'><strong>si</strong></span> <span class='ocrx_word' id='word_1_140' title='bbox 878 2190 989 2254; x_wconf 92' lang='lat' dir='ltr'><strong>intuitu</strong></span> <span class='ocrx_word' id='word_1_141' title='bbox 1005 2173 1205 2254; x_wconf 84' lang='lat' dir='ltr'><strong>ferendorum</strong></span> <span class='ocrx_word' id='word_1_142' title='bbox 1222 2211 1262 2255; x_wconf 85' lang='lat' dir='ltr'><strong>ox</strong></span> 
     </span>
     <span class='ocr_line' id='line_1_19' title="bbox 140 2295 1262 2381; baseline 0 -20"><span class='ocrx_word' id='word_1_143' title='bbox 140 2300 336 2381; x_wconf 89' lang='lat' dir='ltr'><strong>apostolicae</strong></span> <span class='ocrx_word' id='word_1_144' title='bbox 362 2317 438 2362; x_wconf 92' lang='lat' dir='ltr'><strong>suae</strong></span> <span class='ocrx_word' id='word_1_145' title='bbox 473 2299 639 2381; x_wconf 87' lang='lat' dir='ltr'><strong>potestatis</strong></span> <span class='ocrx_word' id='word_1_146' title='bbox 665 2296 856 2377; x_wconf 85' lang='lat' dir='ltr'><strong>plenitudine</strong></span> <span class='ocrx_word' id='word_1_147' title='bbox 875 2296 1088 2360; x_wconf 85' lang='lat' dir='ltr'><strong>remediorum</strong></span> <span class='ocrx_word' id='word_1_148' title='bbox 1108 2295 1262 2362; x_wconf 82' lang='lat' dir='ltr'><strong>&#39;modesta</strong></span> 
     </span>
     <span class='ocr_line' id='line_1_20' title="bbox 143 2390 1395 2490; baseline 0.001 -24"><span class='ocrx_word' id='word_1_149' title='bbox 143 2408 309 2488; x_wconf 84' lang='lat' dir='ltr'><strong>quaepiam</strong></span> <span class='ocrx_word' id='word_1_150' title='bbox 327 2405 484 2473; x_wconf 86' lang='lat' dir='ltr'><strong>desideria</strong></span> <span class='ocrx_word' id='word_1_151' title='bbox 501 2407 610 2470; x_wconf 80' lang='lat' dir='ltr'><strong>Eidem</strong></span> <span class='ocrx_word' id='word_1_152' title='bbox 627 2406 667 2470; x_wconf 89' lang='lat' dir='ltr'><strong>de</strong></span> <span class='ocrx_word' id='word_1_153' title='bbox 682 2390 766 2490; x_wconf 78' lang='lat' dir='ltr'><strong>genu</strong></span> <span class='ocrx_word' id='word_1_154' title='bbox 782 2404 1004 2470; x_wconf 77' lang='lat' dir='ltr'><strong>nranitestandi</strong></span> <span class='ocrx_word' id='word_1_155' title='bbox 1021 2407 1094 2469; x_wconf 90' lang='lat' dir='ltr'><strong>mibi</strong></span> <span class='ocrx_word' id='word_1_156' title='bbox 1119 2422 1262 2472; x_wconf 89' lang='lat' dir='ltr'><strong>sumsero</strong></span> <span class='ocrx_word' id='word_1_157' title='bbox 1329 2446 1333 2453; x_wconf 86' lang='lat'><em>-</em></span> <span class='ocrx_word' id='word_1_158' title='bbox 1350 2481 1353 2485; x_wconf 22' lang='lat'><em>¹</em></span> <span class='ocrx_word' id='word_1_159' title='bbox 1389 2455 1395 2467; x_wconf 38' lang='grc' dir='ltr'><strong>ι</strong></span> 
     </span>
     <span class='ocr_line' id='line_1_21' title="bbox 140 2506 1334 2595; baseline 0.002 -20"><span class='ocrx_word' id='word_1_160' title='bbox 140 2514 312 2595; x_wconf 73' lang='lat' dir='ltr'><strong>audaciam.</strong></span> <span class='ocrx_word' id='word_1_161' title='bbox 338 2513 453 2579; x_wconf 90' lang='lat' dir='ltr'><strong>Horum</strong></span> <span class='ocrx_word' id='word_1_162' title='bbox 471 2534 588 2578; x_wconf 87' lang='lat' dir='ltr'><strong>summe</strong></span> <span class='ocrx_word' id='word_1_163' title='bbox 602 2534 641 2579; x_wconf 88' lang='lat' dir='ltr'><strong>eo</strong></span> <span class='ocrx_word' id='word_1_164' title='bbox 657 2515 756 2579; x_wconf 90' lang='lat' dir='ltr'><strong>redit:</strong></span> <span class='ocrx_word' id='word_1_165' title='bbox 775 2522 807 2577; x_wconf 93' lang='lat' dir='ltr'><strong>ut</strong></span> <span class='ocrx_word' id='word_1_166' title='bbox 817 2509 972 2578; x_wconf 86' lang='lat' dir='ltr'><strong>Sanctitas</strong></span> <span class='ocrx_word' id='word_1_167' title='bbox 984 2515 1098 2578; x_wconf 79' lang='lat' dir='ltr'><strong>lles&#39;tra</strong></span> <span class='ocrx_word' id='word_1_168' title='bbox 1110 2516 1140 2578; x_wconf 95' lang='lat' dir='ltr'><strong>in</strong></span> <span class='ocrx_word' id='word_1_169' title='bbox 1152 2515 1263 2578; x_wconf 88' lang='lat' dir='ltr'><strong>ordine</strong></span> <span class='ocrx_word' id='word_1_170' title='bbox 1329 2506 1334 2513; x_wconf 78' lang='grc'><strong>’</strong></span> 
     </span>
     <span class='ocr_line' id='line_1_22' title="bbox 137 2604 1260 2704; baseline -0.001 -20"><span class='ocrx_word' id='word_1_171' title='bbox 137 2622 178 2684; x_wconf 90' lang='lat' dir='ltr'><strong>ad</strong></span> <span class='ocrx_word' id='word_1_172' title='bbox 196 2621 290 2684; x_wconf 84' lang='lat' dir='ltr'><strong>mixta</strong></span> <span class='ocrx_word' id='word_1_173' title='bbox 307 2621 501 2685; x_wconf 88' lang='lat' dir='ltr'><strong>matrimonia</strong></span> <span class='ocrx_word' id='word_1_174' title='bbox 527 2621 558 2685; x_wconf 90' lang='lat' dir='ltr'><strong>id</strong></span> <span class='ocrx_word' id='word_1_175' title='bbox 582 2604 638 2702; x_wconf 87' lang='lat' dir='ltr'><strong>pro</strong></span> <span class='ocrx_word' id='word_1_176' title='bbox 655 2622 765 2703; x_wconf 77' lang='lat' dir='ltr'><strong>Regno</strong></span> <span class='ocrx_word' id='word_1_177' title='bbox 782 2622 985 2704; x_wconf 79' lang='lat' dir='ltr'><strong>Hungariae‚</strong></span> <span class='ocrx_word' id='word_1_178' title='bbox 1002 2623 1203 2704; x_wconf 87' lang='lat' dir='ltr'><strong>partibusque</strong></span> <span class='ocrx_word' id='word_1_179' title='bbox 1231 2621 1260 2685; x_wconf 91' lang='lat' dir='ltr'><strong>ei</strong></span> 
     </span>
     <span class='ocr_line' id='line_1_23' title="bbox 139 2727 1362 2812; baseline -0.001 -21"><span class='ocrx_word' id='word_1_180' title='bbox 139 2728 283 2800; x_wconf 84' lang='lat' dir='ltr'><strong>adnexis,</strong></span> <span class='ocrx_word' id='word_1_181' title='bbox 301 2727 471 2802; x_wconf 75' lang='lat' dir='ltr'><strong>ditionibus</strong></span> <span class='ocrx_word' id='word_1_182' title='bbox 489 2728 561 2791; x_wconf 89' lang='lat' dir='ltr'><strong>item</strong></span> <span class='ocrx_word' id='word_1_183' title='bbox 578 2729 726 2792; x_wconf 84' lang='lat' dir='ltr'><strong>Austriae</strong></span> <span class='ocrx_word' id='word_1_184' title='bbox 737 2728 955 2792; x_wconf 89' lang='lat' dir='ltr'><strong>haereditariis</strong></span> <span class='ocrx_word' id='word_1_185' title='bbox 966 2727 1105 2810; x_wconf 81' lang='lat' dir='ltr'><strong>benigne</strong></span> <span class='ocrx_word' id='word_1_186' title='bbox 1116 2727 1264 2812; x_wconf 80' lang='lat' dir='ltr'><strong>dignetur</strong></span> <span class='ocrx_word' id='word_1_187' title='bbox 1358 2756 1362 2769; x_wconf 88' lang='lat'><strong>·</strong></span> 
     </span>
     <span class='ocr_line' id='line_1_24' title="bbox 141 2834 1371 2925; baseline 0.001 -27"><span class='ocrx_word' id='word_1_188' title='bbox 141 2834 341 2910; x_wconf 82' lang='lat' dir='ltr'><strong>concedere,</strong></span> <span class='ocrx_word' id='word_1_189' title='bbox 367 2836 448 2918; x_wconf 91' lang='lat' dir='ltr'><strong>quod</strong></span> <span class='ocrx_word' id='word_1_190' title='bbox 476 2838 646 2900; x_wconf 85' lang='lat' dir='ltr'><strong>novissime</strong></span> <span class='ocrx_word' id='word_1_191' title='bbox 671 2854 728 2916; x_wconf 89' lang='lat' dir='ltr'><strong>per</strong></span> <span class='ocrx_word' id='word_1_192' title='bbox 744 2835 796 2900; x_wconf 91' lang='lat' dir='ltr'><strong>lel.</strong></span> <span class='ocrx_word' id='word_1_193' title='bbox 814 2838 881 2900; x_wconf 82' lang='lat' dir='ltr'><strong>r&#39;ec.</strong></span> <span class='ocrx_word' id='word_1_194' title='bbox 898 2837 984 2901; x_wconf 89' lang='lat' dir='ltr'><strong>Pium</strong></span> <span class='ocrx_word' id='word_1_195' title='bbox 1008 2835 1087 2900; x_wconf 84' lang='lat' dir='ltr'><strong>vtlt.</strong></span> <span class='ocrx_word' id='word_1_196' title='bbox 1106 2836 1262 2904; x_wconf 85' lang='lat' dir='ltr'><strong>Surnmum</strong></span> <span class='ocrx_word' id='word_1_197' title='bbox 1368 2919 1371 2925; x_wconf 27' lang='grc' dir='ltr'>Ι</span> 
     </span>
     <span class='ocr_line' id='line_1_25' title="bbox 139 2924 1265 3026; baseline 0 -19"><span class='ocrx_word' id='word_1_198' title='bbox 139 2943 323 3008; x_wconf 84' lang='lat' dir='ltr'><strong>Pontificem</strong></span> <span class='ocrx_word' id='word_1_199' title='bbox 333 2943 393 3019; x_wconf 29' lang='lat' dir='ltr'><strong>,die</strong></span> <span class='ocrx_word' id='word_1_200' title='bbox 410 2945 463 3007; x_wconf 81' lang='lat'><strong>25.</strong></span> <span class='ocrx_word' id='word_1_201' title='bbox 482 2924 692 3023; x_wconf 22' lang='lat' dir='ltr'><strong>narrar-1830.</strong></span> <span class='ocrx_word' id='word_1_202' title='bbox 712 2963 767 3026; x_wconf 90' lang='lat' dir='ltr'><strong>pro</strong></span> <span class='ocrx_word' id='word_1_203' title='bbox 779 2943 1164 3010; x_wconf 86' lang='lat' dir='ltr'><strong>bioccesibusBorussiae</strong></span> <span class='ocrx_word' id='word_1_204' title='bbox 1179 2943 1265 3007; x_wconf 87' lang='lat' dir='ltr'><strong>Rbe-</strong></span> 
     </span>
    </p>

    <p class='ocr_par' dir='ltr' id='par_1_6' title="bbox 97 3030 1393 4548">
     <span class='ocr_line' id='line_1_26' title="bbox 97 3030 1381 3139; baseline -0.002 -26"><span class='ocrx_word' id='word_1_205' title='bbox 97 3069 102 3075; x_wconf 90' lang='lat'><strong>·</strong></span> <span class='ocrx_word' id='word_1_206' title='bbox 140 3052 243 3126; x_wconf 89' lang='lat' dir='ltr'><strong>nanis‚</strong></span> <span class='ocrx_word' id='word_1_207' title='bbox 261 3053 335 3115; x_wconf 91' lang='lat' dir='ltr'><strong>item</strong></span> <span class='ocrx_word' id='word_1_208' title='bbox 352 3070 410 3133; x_wconf 93' lang='lat' dir='ltr'><strong>per</strong></span> <span class='ocrx_word' id='word_1_209' title='bbox 427 3050 782 3115; x_wconf 88' lang='lat' dir='ltr'><strong>SanctitatemVestram</strong></span> <span class='ocrx_word' id='word_1_210' title='bbox 794 3068 853 3132; x_wconf 92' lang='lat' dir='ltr'><strong>ope</strong></span> <span class='ocrx_word' id='word_1_211' title='bbox 868 3030 1263 3135; x_wconf 87' lang='lat' dir='ltr'><strong>instructionisperEmin.</strong></span> <span class='ocrx_word' id='word_1_212' title='bbox 1330 3086 1334 3093; x_wconf 89' lang='lat'>·</span> <span class='ocrx_word' id='word_1_213' title='bbox 1377 3133 1381 3139; x_wconf 22' lang='grc' dir='ltr'>Ι</span> 
     </span>
     <span class='ocr_line' id='line_1_27' title="bbox 140 3145 1393 3249; baseline 0.003 -28"><span class='ocrx_word' id='word_1_214' title='bbox 140 3145 396 3223; x_wconf 63' lang='grc' dir='ltr'><strong>θατάζΤὴοηιετη</strong></span> <span class='ocrx_word' id='word_1_215' title='bbox 408 3159 546 3223; x_wconf 73' lang='lat' dir='ltr'><strong>bernerii</strong></span> <span class='ocrx_word' id='word_1_216' title='bbox 563 3158 612 3221; x_wconf 91' lang='lat' dir='ltr'><strong>dio</strong></span> <span class='ocrx_word' id='word_1_217' title='bbox 630 3158 681 3237; x_wconf 83' lang='lat'><strong>12.</strong></span> <span class='ocrx_word' id='word_1_218' title='bbox 699 3157 783 3242; x_wconf 86' lang='lat' dir='ltr'><strong>Sept.</strong></span> <span class='ocrx_word' id='word_1_219' title='bbox 804 3156 902 3221; x_wconf 79' lang='grc'><strong>1834.</strong></span> <span class='ocrx_word' id='word_1_220' title='bbox 920 3157 958 3220; x_wconf 90' lang='lat' dir='ltr'><strong>ad</strong></span> <span class='ocrx_word' id='word_1_221' title='bbox 976 3158 1108 3239; x_wconf 83' lang='lat' dir='ltr'><strong>AEppos</strong></span> <span class='ocrx_word' id='word_1_222' title='bbox 1125 3155 1265 3239; x_wconf 86' lang='lat' dir='ltr'><strong>etEppos</strong></span> <span class='ocrx_word' id='word_1_223' title='bbox 1310 3212 1325 3225; x_wconf 90' lang='lat'><strong>..</strong></span> <span class='ocrx_word' id='word_1_224' title='bbox 1388 3240 1393 3249; x_wconf 31' lang='grc' dir='ltr'>Ι</span> 
     </span>
     <span class='ocr_line' id='line_1_28' title="bbox 140 3261 1382 3349; baseline -0.002 -20"><span class='ocrx_word' id='word_1_225' title='bbox 140 3266 296 3329; x_wconf 85' lang='lat' dir='ltr'><strong>Bavariae</strong></span> <span class='ocrx_word' id='word_1_226' title='bbox 314 3265 462 3329; x_wconf 91' lang='lat' dir='ltr'><strong>dimissae</strong></span> <span class='ocrx_word' id='word_1_227' title='bbox 478 3284 535 3347; x_wconf 89' lang='lat' dir='ltr'><strong>pro</strong></span> <span class='ocrx_word' id='word_1_228' title='bbox 552 3267 732 3330; x_wconf 88' lang='lat' dir='ltr'><strong>corumdem</strong></span> <span class='ocrx_word' id='word_1_229' title='bbox 750 3266 949 3330; x_wconf 87' lang='lat' dir='ltr'><strong>dioecesibus</strong></span> <span class='ocrx_word' id='word_1_230' title='bbox 966 3267 1106 3349; x_wconf 82' lang='lat' dir='ltr'><strong>benigne</strong></span> <span class='ocrx_word' id='word_1_231' title='bbox 1122 3268 1260 3329; x_wconf 46' lang='lat' dir='ltr'><strong>conces*</strong></span> <span class='ocrx_word' id='word_1_232' title='bbox 1302 3282 1305 3287; x_wconf 89' lang='lat'>·</span> <span class='ocrx_word' id='word_1_233' title='bbox 1365 3261 1382 3317; x_wconf 82' lang='grc'><strong>-’</strong></span> 
     </span>
     <span class='ocr_line' id='line_1_29' title="bbox 138 3358 1360 3453; baseline -0.004 -15"><span class='ocrx_word' id='word_1_234' title='bbox 138 3392 210 3438; x_wconf 91' lang='lat' dir='ltr'><strong>sum</strong></span> <span class='ocrx_word' id='word_1_235' title='bbox 227 3372 304 3445; x_wconf 88' lang='lat' dir='ltr'><strong>luit,</strong></span> <span class='ocrx_word' id='word_1_236' title='bbox 331 3373 547 3436; x_wconf 78' lang='lat' dir='ltr'><strong>nominantes:</strong></span> <span class='ocrx_word' id='word_1_237' title='bbox 571 3380 605 3436; x_wconf 94' lang='lat' dir='ltr'><strong>ut</strong></span> <span class='ocrx_word' id='word_1_238' title='bbox 622 3376 652 3437; x_wconf 90' lang='lat' dir='ltr'><strong>ln</strong></span> <span class='ocrx_word' id='word_1_239' title='bbox 670 3358 795 3437; x_wconf 78' lang='lat' dir='ltr'><strong>casibus</strong></span> <span class='ocrx_word' id='word_1_240' title='bbox 812 3375 978 3439; x_wconf 86' lang='lat' dir='ltr'><strong>mixtorum</strong></span> <span class='ocrx_word' id='word_1_241' title='bbox 996 3381 1087 3436; x_wconf 91' lang='lat' dir='ltr'><strong>matr.</strong></span> <span class='ocrx_word' id='word_1_242' title='bbox 1106 3373 1174 3436; x_wconf 92' lang='lat' dir='ltr'><strong>dum</strong></span> <span class='ocrx_word' id='word_1_243' title='bbox 1191 3389 1278 3453; x_wconf 71' lang='lat' dir='ltr'><strong>pars,</strong></span> <span class='ocrx_word' id='word_1_244' title='bbox 1355 3422 1360 3433; x_wconf 90' lang='lat'><strong><em>.</em></strong></span> 
     </span>
     <span class='ocr_line' id='line_1_30' title="bbox 136 3479 1364 3568; baseline -0.002 -24"><span class='ocrx_word' id='word_1_245' title='bbox 136 3479 315 3545; x_wconf 86' lang='lat' dir='ltr'><strong>acatholica</strong></span> <span class='ocrx_word' id='word_1_246' title='bbox 334 3480 464 3544; x_wconf 92' lang='lat' dir='ltr'><strong>validam</strong></span> <span class='ocrx_word' id='word_1_247' title='bbox 484 3481 523 3545; x_wconf 94' lang='lat' dir='ltr'><strong>de</strong></span> <span class='ocrx_word' id='word_1_248' title='bbox 541 3482 694 3546; x_wconf 86' lang='lat' dir='ltr'><strong>catholica</strong></span> <span class='ocrx_word' id='word_1_249' title='bbox 721 3483 856 3547; x_wconf 88' lang='lat' dir='ltr'><strong>omnium</strong></span> <span class='ocrx_word' id='word_1_250' title='bbox 880 3485 1115 3551; x_wconf 80' lang='lat' dir='ltr'><strong>&#39;nasciturarum</strong></span> <span class='ocrx_word' id='word_1_251' title='bbox 1132 3481 1265 3568; x_wconf 90' lang='lat' dir='ltr'><strong>prolium</strong></span> <span class='ocrx_word' id='word_1_252' title='bbox 1358 3534 1364 3541; x_wconf 90' lang='lat'><em>.</em></span> 
     </span>
     <span class='ocr_line' id='line_1_31' title="bbox 144 3576 1284 3671; baseline -0.002 -19"><span class='ocrx_word' id='word_1_253' title='bbox 144 3586 332 3654; x_wconf 88' lang='lat' dir='ltr'><strong>educatione</strong></span> <span class='ocrx_word' id='word_1_254' title='bbox 351 3591 529 3653; x_wconf 89' lang='lat' dir='ltr'><strong>cautionem</strong></span> <span class='ocrx_word' id='word_1_255' title='bbox 545 3589 674 3671; x_wconf 88' lang='lat' dir='ltr'><strong>praevie</strong></span> <span class='ocrx_word' id='word_1_256' title='bbox 690 3597 854 3671; x_wconf 90' lang='lat' dir='ltr'><strong>praestare</strong></span> <span class='ocrx_word' id='word_1_257' title='bbox 870 3580 1008 3664; x_wconf 82' lang='lat' dir='ltr'><strong>recusat,</strong></span> <span class='ocrx_word' id='word_1_258' title='bbox 1035 3576 1284 3653; x_wconf 86' lang='lat' dir='ltr'><strong>concernentes</strong></span> 
     </span>
     <span class='ocr_line' id='line_1_32' title="bbox 140 3692 1267 3787; baseline -0.004 -26"><span class='ocrx_word' id='word_1_259' title='bbox 140 3697 277 3761; x_wconf 87' lang='lat' dir='ltr'><strong>Parachi</strong></span> <span class='ocrx_word' id='word_1_260' title='bbox 293 3696 471 3779; x_wconf 89' lang='lat' dir='ltr'><strong>desponsos</strong></span> <span class='ocrx_word' id='word_1_261' title='bbox 483 3697 604 3760; x_wconf 89' lang='lat' dir='ltr'><strong>reticita</strong></span> <span class='ocrx_word' id='word_1_262' title='bbox 622 3697 756 3780; x_wconf 87' lang='lat' dir='ltr'><strong>alioquin</strong></span> <span class='ocrx_word' id='word_1_263' title='bbox 776 3692 884 3762; x_wconf 90' lang='lat' dir='ltr'><strong>eorum</strong></span> <span class='ocrx_word' id='word_1_264' title='bbox 901 3697 1056 3779; x_wconf 80' lang='lat' dir='ltr'><strong>religione</strong></span> <span class='ocrx_word' id='word_1_265' title='bbox 1073 3703 1122 3759; x_wconf 90' lang='lat' dir='ltr'><strong>ter</strong></span> <span class='ocrx_word' id='word_1_266' title='bbox 1139 3715 1180 3759; x_wconf 86' lang='lat' dir='ltr'><strong>ex</strong></span> <span class='ocrx_word' id='word_1_267' title='bbox 1197 3714 1267 3787; x_wconf 91' lang='lat' dir='ltr'><strong>am·</strong></span> 
     </span>
     <span class='ocr_line' id='line_1_33' title="bbox 139 3803 1381 3893; baseline -0.005 -24"><span class='ocrx_word' id='word_1_268' title='bbox 139 3805 226 3869; x_wconf 92' lang='lat' dir='ltr'><strong>bone</strong></span> <span class='ocrx_word' id='word_1_269' title='bbox 252 3804 470 3886; x_wconf 87' lang='lat' dir='ltr'><strong>proclamare,</strong></span> <span class='ocrx_word' id='word_1_270' title='bbox 504 3811 534 3867; x_wconf 94' lang='lat' dir='ltr'><strong>et</strong></span> <span class='ocrx_word' id='word_1_271' title='bbox 560 3803 598 3866; x_wconf 91' lang='lat' dir='ltr'><strong>dc</strong></span> <span class='ocrx_word' id='word_1_272' title='bbox 624 3807 761 3885; x_wconf 87' lang='lat' dir='ltr'><strong>peractis</strong></span> <span class='ocrx_word' id='word_1_273' title='bbox 787 3806 875 3869; x_wconf 88' lang='lat' dir='ltr'><strong>trinis</strong></span> <span class='ocrx_word' id='word_1_274' title='bbox 903 3804 954 3867; x_wconf 88' lang='lat' dir='ltr'><strong>hic</strong></span> <span class='ocrx_word' id='word_1_275' title='bbox 971 3803 1296 3893; x_wconf 20' lang='lat' dir='ltr'><strong>denunciationibusu</strong></span> <span class='ocrx_word' id='word_1_276' title='bbox 1376 3834 1381 3839; x_wconf 95' lang='lat'>·</span> 
     </span>
     <span class='ocr_line' id='line_1_34' title="bbox 140 3908 1375 4001; baseline -0.002 -27"><span class='ocrx_word' id='word_1_277' title='bbox 140 3914 356 3977; x_wconf 89' lang='lat' dir='ltr'><strong>testimonium</strong></span> <span class='ocrx_word' id='word_1_278' title='bbox 373 3913 521 3994; x_wconf 89' lang='lat' dir='ltr'><strong>appositis</strong></span> <span class='ocrx_word' id='word_1_279' title='bbox 539 3919 724 3994; x_wconf 86' lang='lat' dir='ltr'><strong>conceptum</strong></span> <span class='ocrx_word' id='word_1_280' title='bbox 751 3913 892 3976; x_wconf 88' lang='lat' dir='ltr'><strong>terminis</strong></span> <span class='ocrx_word' id='word_1_281' title='bbox 909 3908 1098 3984; x_wconf 84' lang='lat' dir='ltr'><strong>extradere,</strong></span> <span class='ocrx_word' id='word_1_282' title='bbox 1122 3927 1218 3991; x_wconf 89' lang='lat' dir='ltr'><strong>porro</strong></span> <span class='ocrx_word' id='word_1_283' title='bbox 1235 3909 1268 3972; x_wconf 93' lang='lat' dir='ltr'><strong>in</strong></span> <span class='ocrx_word' id='word_1_284' title='bbox 1309 3992 1315 4001; x_wconf 17' lang='grc' dir='ltr'><strong>ἢ</strong></span> <span class='ocrx_word' id='word_1_285' title='bbox 1359 3948 1375 3972; x_wconf 63' lang='lat' dir='ltr'><em>s</em></span> 
     </span>
     <span class='ocr_line' id='line_1_35' title="bbox 140 4017 1265 4108; baseline -0.004 -24"><span class='ocrx_word' id='word_1_286' title='bbox 140 4021 321 4084; x_wconf 90' lang='lat' dir='ltr'><strong>huiusmodi</strong></span> <span class='ocrx_word' id='word_1_287' title='bbox 336 4023 428 4084; x_wconf 93' lang='lat' dir='ltr'><strong>etiam</strong></span> <span class='ocrx_word' id='word_1_288' title='bbox 445 4021 580 4098; x_wconf 89' lang='lat' dir='ltr'><strong>casibus,</strong></span> <span class='ocrx_word' id='word_1_289' title='bbox 597 4023 624 4084; x_wconf 94' lang='lat' dir='ltr'><strong>si</strong></span> <span class='ocrx_word' id='word_1_290' title='bbox 633 4021 712 4085; x_wconf 84' lang='lat' dir='ltr'><strong>ratio</strong></span> <span class='ocrx_word' id='word_1_291' title='bbox 725 4019 964 4085; x_wconf 88' lang='lat' dir='ltr'><strong>avertendornm</strong></span> <span class='ocrx_word' id='word_1_292' title='bbox 982 4018 1019 4080; x_wconf 91' lang='lat' dir='ltr'><strong>ab</strong></span> <span class='ocrx_word' id='word_1_293' title='bbox 1031 4017 1265 4108; x_wconf 83' lang='lat' dir='ltr'><strong>Ecclesiagra-</strong></span> 
     </span>
     <span class='ocr_line' id='line_1_36' title="bbox 141 4112 1297 4211; baseline -0.009 -17"><span class='ocrx_word' id='word_1_294' title='bbox 141 4132 269 4194; x_wconf 87' lang='lat' dir='ltr'><strong>viorum</strong></span> <span class='ocrx_word' id='word_1_295' title='bbox 286 4127 437 4194; x_wconf 89' lang='lat' dir='ltr'><strong>malcrum</strong></span> <span class='ocrx_word' id='word_1_296' title='bbox 464 4127 492 4191; x_wconf 93' lang='lat' dir='ltr'><strong>id</strong></span> <span class='ocrx_word' id='word_1_297' title='bbox 511 4129 617 4197; x_wconf 84' lang='lat' dir='ltr'><strong>nclors</strong></span> <span class='ocrx_word' id='word_1_298' title='bbox 635 4135 846 4211; x_wconf 86' lang='lat' dir='ltr'><strong>exposceret,</strong></span> <span class='ocrx_word' id='word_1_299' title='bbox 878 4145 939 4190; x_wconf 90' lang='lat' dir='ltr'><strong>nec</strong></span> <span class='ocrx_word' id='word_1_300' title='bbox 964 4125 1059 4189; x_wconf 92' lang='lat' dir='ltr'><strong>ullum</strong></span> <span class='ocrx_word' id='word_1_301' title='bbox 1084 4112 1297 4189; x_wconf 87' lang='lat' dir='ltr'><strong>canonicum</strong></span> 
     </span>
     <span class='ocr_line' id='line_1_37' title="bbox 142 4219 1284 4320; baseline -0.011 -16"><span class='ocrx_word' id='word_1_302' title='bbox 142 4237 396 4320; x_wconf 89' lang='lat' dir='ltr'><strong>impedimentum</strong></span> <span class='ocrx_word' id='word_1_303' title='bbox 407 4236 660 4310; x_wconf 81' lang='lat' dir='ltr'><strong>subversaretur,</strong></span> <span class='ocrx_word' id='word_1_304' title='bbox 672 4237 789 4317; x_wconf 88' lang='lat' dir='ltr'><strong>absque</strong></span> <span class='ocrx_word' id='word_1_305' title='bbox 806 4234 870 4298; x_wconf 94' lang='lat' dir='ltr'><strong>ullo</strong></span> <span class='ocrx_word' id='word_1_306' title='bbox 880 4233 1067 4314; x_wconf 89' lang='lat' dir='ltr'><strong>ceteroquin</strong></span> <span class='ocrx_word' id='word_1_307' title='bbox 1082 4233 1145 4295; x_wconf 88' lang='lat' dir='ltr'><strong>ritu</strong></span> <span class='ocrx_word' id='word_1_308' title='bbox 1162 4219 1284 4294; x_wconf 56' lang='lat' dir='ltr'><strong>eccle?</strong></span> 
     </span>
     <span class='ocr_line' id='line_1_38' title="bbox 141 4340 1283 4435; baseline -0.012 -24"><span class='ocrx_word' id='word_1_309' title='bbox 141 4345 285 4420; x_wconf 81' lang='lat' dir='ltr'><strong>siastico,</strong></span> <span class='ocrx_word' id='word_1_310' title='bbox 302 4345 499 4428; x_wconf 91' lang='lat' dir='ltr'><strong>positivaquc</strong></span> <span class='ocrx_word' id='word_1_311' title='bbox 524 4360 739 4423; x_wconf 88' lang='lat' dir='ltr'><strong>quamcunque</strong></span> <span class='ocrx_word' id='word_1_312' title='bbox 764 4341 837 4406; x_wconf 89' lang='lat' dir='ltr'><strong>lacti</strong></span> <span class='ocrx_word' id='word_1_313' title='bbox 855 4341 1110 4435; x_wconf 87' lang='lat' dir='ltr'><strong>approbationem</strong></span> <span class='ocrx_word' id='word_1_314' title='bbox 1133 4340 1283 4421; x_wconf 71' lang='lat' dir='ltr'><strong>arguere·</strong></span> 
     </span>
     <span class='ocr_line' id='line_1_39' title="bbox 142 4438 1321 4548; baseline -0.004 -32"><span class='ocrx_word' id='word_1_315' title='bbox 142 4459 285 4537; x_wconf 87' lang='lat' dir='ltr'><strong>queunte</strong></span> <span class='ocrx_word' id='word_1_316' title='bbox 310 4451 546 4539; x_wconf 90' lang='lat' dir='ltr'><strong>cooperatione,</strong></span> <span class='ocrx_word' id='word_1_317' title='bbox 563 4450 717 4534; x_wconf 83' lang='lat' dir='ltr'><strong>passivam</strong></span> <span class='ocrx_word' id='word_1_318' title='bbox 739 4469 799 4538; x_wconf 89' lang='lat' dir='ltr'><strong>pro</strong></span> <span class='ocrx_word' id='word_1_319' title='bbox 816 4438 917 4516; x_wconf 81' lang='lat' dir='ltr'><strong>muld&#39;a</strong></span> <span class='ocrx_word' id='word_1_320' title='bbox 929 4465 1113 4536; x_wconf 89' lang='lat' dir='ltr'><strong>sponsorum</strong></span> <span class='ocrx_word' id='word_1_321' title='bbox 1131 4456 1272 4519; x_wconf 75' lang='lat' dir='ltr'><strong>consca-</strong></span> <span class='ocrx_word' id='word_1_322' title='bbox 1317 4538 1321 4548; x_wconf 22' lang='grc' dir='ltr'>ι</span> 
     </span>
    </p>
   </div>
   <div class='ocr_carea' id='block_1_3' title="bbox 0 0 1420 4852">
    <p class='ocr_par' dir='ltr' id='par_1_7' title="bbox 0 0 1420 4852">
     <span class='ocr_line' id='line_1_40' title="bbox 0 0 1420 4852; baseline 0 0"><span class='ocrx_word' id='word_1_323' title='bbox 0 0 1420 4852; x_wconf 95' lang='lat' dir='ltr'><strong> </strong></span> 
     </span>
    </p>
   </div>
  </div>
 </body>
</html>
