2798 4852
493 337 549 361 ..-
579 290 656 365 aa
685 284 754 403 j...

42 485 108 551 scd
125 489 234 570 potius
249 488 359 567 praxis
376 487 531 550 hactenus
546 487 649 550 adbuc
666 485 913 550 usitatadirecte
930 494 963 547 et
979 482 1184 548 defendaba-.
1202 554 1205 559 ,
1223 468 1236 543 ’.
1285 504 1288 509 ·

43 602 102 659 tur
116 639 126 668 ,
152 601 185 656 at
200 595 428 657 manutenenda
454 613 550 677 porro
567 595 805 658 declarabatur:
837 595 1030 675 speravimus
1046 592 1184 655 tirmiter

47 703 83 763 in
105 702 231 782 colpam
248 701 337 765 uobis
354 700 435 764 baud
467 704 647 782 imputatum
663 702 720 774 iri,
738 701 821 783 quod
839 718 916 778 nos,
933 702 985 781 qui
1003 703 1034 763 in
1051 701 1173 779 reliquo

45 817 168 872 eontra
180 810 394 873 reverentiam
412 816 442 871 et
457 809 666 873 obedientiam
685 818 793 872 nostro
804 808 949 872 Praelata
965 807 1099 871 debitam
1115 808 1175 868 ali·
1265 784 1270 791 ¹

45 914 128 997 quirl
144 917 340 980 committere
357 934 520 995 numquam
533 916 735 993 intendimus,
751 915 807 978 sed
821 921 937 977 tantum
947 916 978 977 in
989 914 1084 977 rebus
1095 930 1175 976 cou-
1219 994 1226 1007 .

46 1024 206 1088 scientias
223 1031 349 1087 nostras
375 1024 495 1086 directo
521 1025 722 1104 tangentibus
739 1024 901 1104 peniteret
926 1020 1176 1103 intelligentiam,

45 1140 80 1196 et
97 1132 345 1205 convictionem,
361 1138 393 1195 ct
409 1130 629 1194 certitudinem
646 1131 835 1213 quaerimus,
851 1128 996 1192 babendo
1013 1145 1072 1212 pro
1088 1136 1178 1209 parta

44 1245 162 1303 nostra
179 1242 271 1302 etiam
288 1237 391 1303 Bullas
409 1238 588 1302 Pontificius
604 1240 664 1301 iam
689 1241 805 1319 passim
832 1257 889 1318 per
910 1239 1018 1300 orbam
1035 1235 1175 1299 catholi-

46 1365 125 1412 oum
143 1365 206 1428 qua
223 1364 375 1429 expresse
402 1366 460 1428 qua
477 1348 572 1409 tacite
587 1349 757 1428 probatas,
784 1346 822 1407 ad
850 1344 1035 1426 ampliorem
1045 1347 1092 1407 rri
1108 1344 1177 1406 dis-

45 1455 237 1519 cussionem
254 1472 368 1527 secus,
394 1473 432 1517 au
449 1458 480 1519 in
496 1456 649 1538 principio
666 1453 924 1526 intendebamus,
950 1454 1178 1516 immiserimus.

44 1560 118 1624 Sed
134 1563 194 1624 iarn
210 1561 259 1624 his
275 1561 367 1624 finem
384 1563 533 1636 iacimus,
560 1563 635 1626 uibil
652 1561 840 1634 dubitantes,
857 1562 949 1626 Suam
966 1560 1010 1622 lll.
1029 1560 1176 1642 Eppalem

46 1687 115 1751 qua
130 1668 297 1757 custodem
314 1668 450 1751 depositi
475 1670 545 1735 lidei
570 1671 601 1734 id
619 1669 789 1753 iacturam,
815 1684 877 1749 qno
903 1673 935 1730 et
959 1671 1042 1732 bono
1058 1667 1104 1730 rei
1120 1684 1185 1728 oa··

47 1774 209 1849 tlrolioae‚
226 1781 258 1838 et
273 1776 367 1839 etiam
385 1779 587 1840 conscientiis
599 1776 681 1839 Cleri
698 1776 803 1839 Cureti
820 1775 941 1839 consuli
959 1776 1069 1857 possit.

514 1960 748 1977 mq-

54 2270 180 2328 Votum
195 2269 308 2343 AEppi
323 2269 512 2328 colocensis
525 2271 612 2326 Petri
627 2269 851 2343 lilobusiculry
864 2271 952 2327 cirea
962 2248 1188 2348 malenutrita,
1256 2252 1276 2299 3·
1324 2252 1326 2257 ’

354 2361 407 2418 dd.
420 2361 467 2418 ld.
480 2361 544 2418 dul.
558 2360 648 2418 raab.
663 2361 877 2432 depromtum.

151 2528 184 2591 ln
203 2527 413 2610 depromendo
430 2530 528 2594 relate
546 2529 585 2592 ad
601 2530 683 2593 banc
698 2530 935 2613 quaestionem:
952 2530 1180 2593 anmixtama-

57 2638 264 2710 trinacriam
283 2637 394 2719 quibus
411 2657 473 2701 uon
491 2655 599 2701 omnes
625 2633 730 2718 proles
741 2634 778 2700 'in
803 2636 865 2699 lide
881 2634 1182 2702 catholica-educari

59 2747 300 2827 permittuntur,
317 2749 348 2810 in
365 2744 468 2808 Patria
484 2748 577 2808 etiam
593 2752 700 2808 nostra
718 2762 815 2828 porro
831 2741 1056 2818 benedicenda,
1074 2750 1105 2805 et
1119 2745 1182 2806 ritu

61 2853 286 2917 ecclesiastico
303 2852 541 2916 cohonestanda
558 2854 619 2915 sint
636 2852 687 2915 vel
703 2851 823 2914 secus?
849 2859 921 2923 voto
939 2852 1183 2934 e-sequentibus
1268 2874 1272 2879 ·
1341 2863 1365 2908 .’

60 2958 366 3024 considerationibus
383 2960 552 3042 egredior:

151 3067 277 3135 Primo:
309 3070 437 3133 Certum
463 3075 523 3140 est,
542 3064 772 3129 declarationes
798 3071 830 3128 et
845 3064 975 3128 decreta
991 3066 1183 3128 Summarum
1239 3108 1242 3117 .

60 3173 247 3239 Pontificum
264 3177 295 3240 in
312 3177 393 3240 banc
406 3193 476 3238 rem
493 3176 578 3237 clara
595 3191 680 3247 esse,
698 3181 729 3235 et
744 3171 929 3243 indubitata..
943 3168 1087 3234 PiusVll.
1098 3171 1184 3233 Pon·
1228 3216 1231 3221 -

61 3279 143 3344 tifex
162 3284 195 3347 in
211 3301 269 3347 suo
287 3264 341 3347 23'.
359 3283 459 3367 April.
479 3280 574 3344 1817.
593 3282 632 3344 ad
649 3279 837 3355 Yicariatum
847 3276 1188 3341 Ebrenbreitsteinien-
1241 3258 1249 3263 ⁵

63 3405 133 3453 sem
149 3389 233 3455 edito
250 3391 419 3471 Rescripto
440 3391 478 3453 de
495 3389 599 3452 mixtis
615 3388 830 3459 matrimoniis,
847 3388 873 3448 si
884 3384 1035 3448 catholica
1053 3385 1187 3447 omniunt

17 3555 23 3561 .
60 3496 372 3589 pruliameduoatio
404 3498 539 3561 obtineri
565 3503 711 3577 nequeat,
735 3496 777 3557 ila
799 3493 1005 3574 praescribit:
1027 3492 1189 3569 „Muneris
1261 3510 1264 3517 ·

27 3590 31 3595 ’
63 3613 172 3671 tamen
190 3609 252 3679 tui,
271 3625 307 3669 ac
324 3607 533 3690 parochorum
550 3603 778 3666 catholicorum
796 3602 875 3674 erit,
891 3600 1014 3693 minime
1031 3600 1187 3684 coniugiis

24 3726 27 3731 '
64 3716 325 3790 testamentare,
351 3721 447 3796 atque
464 3714 501 3775 ab
526 3714 610 3776 omni
635 3703 812 3773 huiusmodi
838 3713 990 3773 acturos
1015 3708 1188 3788 abstinere,

28 3823 281 3895 subdecanum
299 3824 417 3907 possut
445 3840 482 3884 ea
509 3838 565 3882 nos
583 3820 779 3902 adprobare
807 3816 931 3897 rllrsque
949 3816 1191 3897 aliquaratronc
1260 3878 1264 3885 ,
1306 3802 1332 3887 f

64 3935 259 4027 cooperari3
277 3931 316 3993 ad
343 3936 518 3993 extromum
536 3929 679 4009 negative
696 3925 803 3986 saltem
822 3925 905 3986 circa
929 3920 980 3985 illa
995 3941 1055 3988 vos
1070 3922 1196 3986 habea·
1235 3952 1238 3957 ·
1275 3942 1278 3947 ·

63 4045 118 4121 tis,
136 4048 273 4121 oportet,
291 4057 362 4102 curn
379 4054 442 4101 non
459 4035 615 4116 expediat,
631 4040 699 4115 post
710 4038 909 4112 opportunas
927 4028 1087 4112 dequibus
1104 4029 1191 4092 dixi·
1261 4062 1264 4068 -

63 4167 147 4223 mue,
154 4147 381 4219 hor-taliones,
399 4142 542 4225 impediri
559 4160 596 4205 ea
617 4142 749 4212 anobis,
767 4138 924 4219 multoque
941 4140 1040 4200 minus
1057 4139 1191 4223 obloou·
1170 4166 1195 4187 -.
1219 4148 1222 4153 '

66 4256 206 4323 tionibus
223 4253 446 4337 prosequenda
464 4255 536 4324 sint,
553 4268 593 4312 ne
611 4250 700 4311 turba
713 4265 750 4308 ac
767 4247 961 4328 perturbatio
971 4245 1031 4308 ulla
1048 4244 1198 4325 publicae.
1272 4278 1275 4283 ·

67 4363 306 4446 tranquillitatis
322 4369 480 4442 sequatur.
507 4359 539 4420 Si
557 4374 634 4421 vero
651 4353 799 4418 catholici
815 4353 957 4436 parochi,
975 4353 1057 4434 qnod
1068 4352 1192 4443 minime
1223 4342 1226 4347 ’
1331 4342 1355 4361 ”

67 4478 181 4545 timere
196 4473 347 4544 volumus,
366 4469 596 4552 compellantur
620 4465 658 4528 ad
675 4474 784 4528 eorum
800 4463 1012 4545 praesentiam
1028 4461 1198 4523 matrina-2
