2798 4852
584 284 815 361 *till-*-
913 285 916 289 ’

128 483 250 550 duculi
276 482 452 548 nullitatem
479 481 621 565 obligari
652 481 946 562 nequire-asserit,
977 479 1037 543 llos
1061 476 1092 542 lu
1118 468 1278 546 omnious*
1325 512 1328 516 ·

129 596 302 677 mixtorum
314 597 407 654 matr.
417 591 526 654 causis
537 589 660 672 legales
674 588 797 652 iudices·
804 588 978 660 constituit,
989 598 1120 670 quorum
1129 594 1265 654 senten.-

133 699 202 763 tias
215 697 257 762 ad
270 697 407 762 effectus
423 700 530 779 utique
546 696 656 760 civiles
667 697 827 776 pertinere
838 699 973 777 oportet,
984 701 1016 757 et
1026 694 1195 761 secundum
1206 716 1279 782 pa··
1364 744 1367 749 a

134 807 269 870 uiarum
284 805 390 887 legum
406 810 538 867 tenores
549 802 732 865 executioni
745 800 895 864 mandari.
913 800 1037 864 Minime
1047 801 1271 885 igitarodicsa.
1385 828 1389 834 ·

130 913 400 995 interpretatione
425 911 632 990 restringitur
655 907 753 971 furor
776 908 837 970 nce
864 909 996 971 articulo
1020 906 1107 993 Aug:
1124 916 1156 973 et
1171 910 1279 977 llelr.·'

130 1016 227 1079 0οηὶ
243 1014 413 1079 individuis
439 1030 649 1091 concessus‚-
666 1013 744 1075 dum·
762 1015 805 1076 ita
823 1013 1008 1076 divortiatae
1024 1028 1179 1094 personae
1194 1019 1280 1081 sna-²

131 1122 316 1187 trimouiam
332 1141 404 1185 cum
430 1122 585 1185 calholica
603 1137 739 1204 persona
755 1120 858 1184 locum
875 1120 993 1184 habere
1010 1140 1073 1185 non
1089 1139 1185 1204 posse
1203 1123 1265 1189 de·

132 1234 299 1309 cernitur3
324 1231 381 1294 sed
407 1231 529 1296 articuli
546 1233 637 1311 huius
654 1246 754 1310 scopo
769 1237 800 1292 ot
816 1232 985 1294 intentioni
1001 1232 1175 1314 respondet
1191 1252 1265 1298 sen·
1378 1216 1381 1220 ⁵

132 1342 236 1405 tentia
253 1340 427 1416 eiusmodi,
452 1356 521 1402 cum
540 1356 601 1401 nou
619 1336 680 1399 alia
705 1337 745 1400 de
762 1353 854 1399 causa
871 1336 976 1420 lippos
992 1354 1163 1421 eorumque
1179 1341 1267 1406 con-

133 1449 266 1512 sistoria
291 1449 323 1508 in
349 1447 455 1508 mixtis
481 1454 570 1510 matr.
598 1444 718 1508 indices
741 1460 815 1507 esse
831 1445 986 1517 volucrit,
1013 1463 1104 1526 quam
1121 1464 1161 1512 ne
1176 1445 1268 1512 lavor

137 1555 202 1618 nce
214 1551 348 1616 articulo
358 1553 441 1636 Aug.
458 1560 490 1614 et
500 1552 590 1615 llelv.
602 1551 693 1616 0οηὶ
707 1551 876 1614 individuis
887 1554 1057 1634 praestitos
1068 1555 1099 1618 in
1109 1555 1268 1634 peruicio-

136 1661 299 1724 sissimum
319 1660 482 1723 catholicis
494 1661 638 1739 personis
656 1657 812 1739 laqueum,
829 1673 978 1721 sommum
990 1658 1077 1721 Calli·
1092 1659 1269 1742 Religionis
1367 1733 1370 1737 y

137 1766 368 1852 praeiudicium
406 1765 542 1849 qualibet
577 1763 697 1827 demum
740 1765 1003 1854 interpretatione
1035 1768 1116 1830 verti
1155 1767 1267 1850 possit.
1354 1796 1357 1803 ’

137 1870 408 1950 Quemadmodum
419 1875 500 1936 enim
512 1874 542 1934 iu
554 1872 699 1935 eiusdem
717 1872 839 1934 articuli
857 1871 969 1935 eodem
986 1874 1053 1953 ipso
1066 1878 1098 1947 ς.
1114 1872 1163 1934 ll.
1174 1872 1268 1955 plena

136 1981 273 2047 libertas
300 1983 378 2044 citra
404 1979 569 2061 petendam
610 1994 705 2060 porro
745 1978 1008 2057 dispensationem
1034 1980 1066 2040 in
1097 1979 1190 2042 tertio
1216 1987 1269 2044 eut

135 2095 256 2171 quarto
273 2087 376 2169 modu
393 2086 600 2151 contrahendi
616 2085 726 2149 iisdem
752 2085 835 2147 iacta
861 2102 924 2147 non
941 2085 1123 2148 extenditur
1140 2084 1179 2146 ad
1197 2104 1267 2148 ma-

135 2190 318 2258 trimonium
348 2211 416 2256 com
451 2210 586 2275 persona
620 2189 778 2254 catholica
805 2189 1074 2264 contrahendum,
1106 2190 1150 2254 lta
1176 2194 1270 2256 etiam
1365 2260 1368 2267 ,

135 2300 271 2384 prorsus
290 2283 349 2364 ‘illa
375 2298 524 2372 libertas,
552 2317 611 2380 qua
638 2317 679 2361 cx
704 2294 832 2375 diuortii
857 2300 1010 2361 sententia
1036 2301 1154 2362 virtute
1174 2296 1268 2365 huius
1301 2292 1304 2297 ’
1361 2340 1366 2345 -

136 2409 268 2473 articuli
292 2411 337 2471 uti
353 2407 575 2489 permittuntur
600 2407 632 2468 in
652 2405 765 2498 ordine
784 2406 822 2468 ad
840 2405 1088 2470 contrahendum
1105 2425 1173 2470 cum
1188 2425 1268 2489 per·
1386 2408 1390 2413 '

137 2533 220 2579 sona
238 2515 393 2579 catholica
409 2506 648 2590 matrimonium,
667 2502 772 2575 locum
787 2511 905 2575 habero
922 2513 1040 2595 nequit,
1051 2533 1120 2577 cum
1136 2521 1270 2597 utroque

140 2640 223 2688 casu
248 2622 394 2686 libertate
418 2636 575 2702 personae
592 2621 775 2682 alterutrum
796 2618 836 2680 de
854 2619 944 2681 dictis
961 2619 1195 2710 confessionum
1212 2624 1285 2686 in-·
1384 2658 1389 2665 -

140 2730 280 2794 dividuis
297 2735 452 2801 manente,
464 2727 571 2790 eadem
584 2727 716 2790 libertas
734 2726 908 2789 catholicae
922 2742 1081 2807 personae
1097 2727 1270 2791 secundom

138 2837 306 2904 Ecclesiae
328 2855 405 2900 suae
422 2841 550 2898 sanctae
566 2835 719 2917 principle
740 2841 772 2896 et
789 2833 957 2897 secuudum
979 2833 1146 2916 patriorum
1162 2835 1271 2918 legum

139 2962 296 3022 normam,
313 2964 330 3006 a
349 2961 408 3025 qua
425 2943 521 3006 isthic
537 2943 619 3025 Aug.
637 2949 669 3002 et
684 2940 773 3003 llelv.
792 2939 878 3004 0οηὶ
896 2957 1055 3020 personae
1073 2940 1270 3008 solummodo

139 3053 348 3125 eximuntur,
371 3052 516 3114 restricta
543 3055 676 3112 maneat.
697 3044 809 3109 Omnis
827 3065 907 3126 ergo
924 3047 1013 3109 lavor
1030 3047 1112 3130 Aug.
1132 3054 1163 3110 et
1179 3048 1271 3112 llelv.
1340 3062 1343 3067 ·

141 3159 236 3225 0οηὶ
253 3158 422 3222 individuis
438 3157 497 3219 hac
514 3163 604 3240 parte
620 3155 792 3235 praestitus
809 3153 840 3214 iu
857 3171 896 3214 eo
914 3155 1058 3232 praecise
1074 3152 1167 3216 huius
1189 3157 1272 3242 arti·

141 3264 206 3331 culi
224 3266 341 3329 virtute
366 3265 544 3329 consistere
569 3269 693 3344 potest,
720 3259 896 3342 quoddam
923 3259 962 3320 de
978 3258 1175 3323 matrimonio
1191 3278 1270 3341 per·

139 3391 247 3438 sonae
273 3372 454 3443 alterutrius
480 3372 591 3433 horum
618 3369 860 3432 Conlcssionum
886 3384 955 3429 cum
980 3382 1117 3458 persona
1134 3364 1273 3431 vicissim
1351 3421 1355 3425 ,

142 3479 291 3547 alterutri
307 3479 418 3542 harum
435 3477 522 3542 0οηὶ
541 3476 663 3538 addicta
680 3472 895 3538 contrahendo
910 3471 962 3537 vel
979 3477 1141 3537 contracto
1158 3474 1273 3558 agitur,
1322 3474 1325 3481 '
1362 3490 1395 3525 c·-

140 3586 317 3679 secuudum
344 3568 468 3647 suarum
493 3566 734 3646 Conlcssionum
765 3577 925 3644 licentiam
946 3595 1066 3661 agore,
1093 3597 1286 3661 causaeque.
1329 3593 1332 3599 ’

140 3690 412 3759 corum-deliniri
442 3692 679 3771 permittantur:
713 3684 985 3751 consentientibus
1019 3683 1113 3768 plane
1143 3692 1290 3750 eatenus*
1360 3776 1363 3781 Ι

112 3790 294 3864 'omnibus
317 3798 428 3880 Regiis
452 3794 730 3865 llesolotionibus‚
763 3811 803 3855 ne
829 3793 868 3855 iis
895 3791 1040 3873 quidem,
1066 3807 1273 3874 quaecausas
1350 3850 1353 3854 .

142 3905 393 3972 matrimoniales
410 3897 492 3987 Aug.
504 3899 632 3965 etllela
643 3898 731 3963 0οηὶ
745 3898 941 3963 addictorum
958 3897 1128 3962 secundom
1145 3915 1274 3961 esrum·
1379 3978 1385 3986 x

141 4015 219 4080 dem
236 4011 476 4078 confessionum
492 4008 647 4092 principia
658 4005 879 4085 diiudicandae
890 4005 1274 4086 componendasqoeinsi·
1384 4048 1387 4056 -

144 4127 270 4192 noant,
303 4119 466 4200 exceptis3
499 4099 1064 4183 cumnullaistut-umresolutionom
1081 4105 1294 4197 matrimonia

143 4220 264 4308 cathol.
281 4243 484 4308 personarum
511 4243 580 4288 cum
598 4199 809 4285 confessionis
835 4220 1017 4283 alterutrius
1031 4213 1177 4297 personis
1193 4234 1274 4282 con·
1312 4225 1315 4229 “
1349 4234 1354 4240 ·

143 4333 306 4402 trahenda
322 4333 372 4397 sel
390 4339 550 4397 contracta
568 4332 658 4392 aliter
685 4317 775 4410 quom
803 4325 975 4390 secundum
991 4320 1277 4392 Catholio'ae'lleli-

142 4443 258 4529 gionis
270 4442 466 4523 praescripta
478 4435 689 4504 seucootralri
700 4433 929 4498 seudiiudicori
939 4418 1124 4515 delinirique
1140 4426 1294 4517 unqumu'
1376 4427 1380 4432 ’

1005 4549 1066 4608 2⁴²*-
1367 4541 1371 4547 ⁵
