2798 4852
668 276 822 351 ..aas
854 231 917 334 -'

221 495 317 563 porro
329 455 373 541 'ad
388 480 568 542 innumeras
584 443 807 543 Resolutiones
820 472 934 554 partim
944 487 1001 550 per
1011 469 1218 551 Lcopoldom,
1236 472 1337 551 partin

222 588 292 651 cius
307 582 518 650 successuras
534 585 566 647 in
591 583 686 649 rebus
710 580 884 665 Religionis
901 578 1020 653 editas,
1044 585 1145 663 ,atquc
1162 575 1340 650 ballistaria

219 697 282 758 iam
300 697 569 766 commemoratae,
588 691 627 753 de
643 707 770 772 quarum
787 693 935 770 accurata
952 686 1159 753 obseruantia
1175 685 1239 767 ipsi
1255 684 1339 749 Priu-

104 804 107 809 “
168 816 173 823 ’
225 803 312 882 cipes
328 817 461 864 securos
476 799 653 864 reddebant
671 797 775 881 Status
793 802 823 860 et
838 795 973 859 Ordines
989 803 1051 860 tum
1068 812 1127 876 per
1142 793 1343 858 Literassnas

182 975 185 979 ,
226 905 495 985 assecuratorius,
521 915 584 971 tum
607 925 665 990 per
680 907 784 987 logum
801 903 969 990 articulos,
996 903 1145 984 equibus
1162 901 1203 964 ad
1221 905 1254 964 5.
1273 909 1311 964 et.
1319 900 1344 962 6.

215 1034 254 1077 a.
274 1013 369 1076 1744.
386 1012 479 1077 liceat
505 1013 680 1095 appellare:
704 1012 871 1090 „Ceterum
893 1009 993 1091 Regia
1010 1008 1073 1074 Sua
1089 1008 1257 1072 Serenitas
1274 1025 1344 1071 cun·

113 1170 116 1174 .
228 1129 297 1185 ctos
313 1119 417 1184 Status
436 1127 467 1183 et
482 1119 617 1185 Ordines
633 1123 664 1184 in
680 1123 745 1184 suis
761 1119 905 1202 legibus,
931 1117 1072 1194 iuribus,
1102 1115 1345 1197 praerogativis,

229 1225 481 1301 immunitatibus,
499 1227 592 1291 etilla
610 1226 788 1292 subsecutis
804 1225 949 1308 benignis
965 1223 1232 1288 Resolutionibus
1248 1221 1345 1303 Regiis

116 1377 119 1381 »
229 1340 291 1395 tarn
308 1351 398 1397 sacra
416 1352 505 1415 quam
522 1334 653 1417 prolana
669 1334 880 1416 spectantibus
899 1335 1079 1396 conservari
1095 1332 1238 1395 curabit.
1258 1362 1297 1374 --
1313 1360 1347 1374 ·-

147 1524 150 1528 Δ
222 1439 302 1501 Oum
321 1439 417 1503 Sacra
443 1439 544 1522 Regia
569 1440 715 1504 Maiestas
732 1443 763 1504 vi
779 1440 935 1521 legitimae
956 1445 987 1501 et
1002 1435 1206 1503 immediatae
1224 1453 1347 1501 sncces-

200 1530 210 1588 ἶ
229 1547 324 1608 sionis
334 1545 535 1612 haereditarii
544 1546 634 1611 huius
645 1545 840 1628 Principatus
851 1547 989 1627 regimen
1000 1544 1182 1624 suscipiens
1191 1542 1348 1624 Rescripta

173 1632 176 1641 ’
230 1668 288 1716 suo
306 1653 440 1734 benigno
463 1651 512 1716 die
529 1653 582 1715 21.
601 1652 728 1717 Octobr.
756 1651 851 1717 1740.
869 1651 954 1716 edito
971 1653 1141 1715 universos
1159 1657 1195 1712 et
1212 1649 1347 1733 singulos

230 1760 322 1820 trium
347 1759 514 1821 Nationum
540 1758 633 1824 Satus
660 1766 690 1821 et
707 1757 771 1822 00.
787 1759 818 1821 in
836 1758 952 1821 uostris
968 1754 1106 1832 iuribus,
1125 1756 1277 1840 legibus,
1292 1755 1349 1839 pri-

148 1944 150 1954 Ι
230 1863 373 1945 vilegiis,
404 1866 647 1929 immunitatibus
680 1872 712 1929 et
742 1864 885 1941 indultis,
916 1883 996 1946 quae
1027 1863 1185 1928 videlicet
1219 1864 1260 1926 ab
1289 1879 1348 1936 aro,

231 1972 366 2047 Patrue,
384 1977 416 2034 et
434 1970 584 2036 Genitore
599 1973 769 2064 Maiestatis
786 1970 867 2035 Suae
883 1962 1164 2037 desideratissimis
1183 1989 1247 2035 seu
1262 1970 1348 2053 diplo-

116 2129 120 2141 .
233 2079 344 2142 matice
371 2096 428 2142 scu
453 2079 515 2142 hoc
542 2080 675 2162 diploma
697 2079 816 2143 secutis
827 2078 1065 2159 benignissimis
1081 2078 1348 2152 Resolutioulbus.

234 2186 448 2251 sanctionibus
465 2193 526 2249 tam
544 2187 629 2251 eirca
656 2205 764 2259 sacra,
790 2203 883 2265 quam
908 2185 1057 2268 prolana,
1074 2186 1150 2250 huic
1165 2184 1348 2269 Principatui

74 2321 79 2328 ι
173 2334 175 2339 -
233 2309 383 2357 concessa
401 2300 432 2356 ct
457 2292 576 2385 indulta
602 2294 722 2367 suere,
738 2295 873 2376 ben-igne
898 2293 1153 2357 confirmaturam
1182 2292 1348 2357 allidasorit

80 2472 84 2479 ¹
157 2448 162 2453 .
232 2403 323 2462 stef&
335 2399 432 2465 „luris
450 2400 540 2467 buius
557 2402 739 2466 exercitium
766 2401 873 2470 adbuc
890 2400 1005 2465 clarius
1021 2398 1127 2464 elucet
1144 2419 1188 2462 ex
1206 2408 1268 2466 art.
1286 2399 1313 2463 t.
1326 2417 1347 2460 a.

44 2538 46 2542 ·
102 2564 105 2569 ,
202 2586 206 2592 ⁵
235 2504 331 2572 1744.
352 2510 439 2573 cuius
457 2527 516 2590 ope
533 2510 623 2591 leges
641 2512 769 2591 quaevis
787 2507 944 2590 prioribus
963 2508 1158 2588 temporibus
1178 2512 1214 2573 in
1231 2512 1347 2591 praeiu-

233 2615 346 2678 dicium
363 2635 400 2678 ac
417 2617 559 2681 damnum
583 2617 757 2699 Religionis
782 2614 962 2678 Catholicae
989 2616 1131 2696 perlatae
1150 2617 1281 2678 anirnssin
1296 2626 1344 2678 rtur

231 2727 263 2782 et
279 2723 496 2800 sufferuntur,
521 2726 661 2804 haecque
678 2725 772 2785 verba
800 2720 973 2786 adduntur:
999 2720 1115 2798 „Juxta
1134 2722 1347 2789 Resolutiones

233 2829 386 2892 hactenus
404 2838 562 2894 ernanatas
583 2865 621 2874 -
640 2864 678 2873 -
699 2838 730 2892 et
747 2830 825 2892 liaeo
842 2829 943 2892 omnia
962 2845 1057 2892 sensu
1074 2829 1303 2908 Diplomatum,
1325 2838 1347 2891 et

232 2937 472 3001 subsecutarum
489 2940 723 3002 Resolutionum
741 2939 774 3000 C.
791 2939 825 2999 R.
844 2938 1094 3017 intelligantur.“
1130 2937 1346 3003 Resolutiones

233 3044 292 3105 bae
317 3045 436 3126 Regiae
453 3047 483 3108 in
511 3047 649 3111 Comitiis
667 3066 694 3109 a.
717 3045 810 3107 1791.
829 3051 860 3106 et
874 3043 1095 3124 Lcopoldinum
1122 3044 1273 3126 Diploma
1290 3047 1347 3126 qui·

233 3149 302 3211 dem
329 3159 383 3214 art.
412 3154 441 3214 2.
460 3161 491 3216 et
508 3160 565 3216 nrt.
587 3155 614 3215 1.
633 3172 660 3214 n.
680 3153 775 3215 tran.
802 3151 917 3215 diserte
943 3151 1135 3224 ratihabitn,
1163 3154 1347 3233 articuloque

233 3256 286 3321 60.
303 3278 330 3321 a.
352 3258 444 3322 1791.
471 3262 548 3323 haee
570 3261 727 3323 clausulas
752 3259 901 3334 „loribus
926 3257 1045 3338 Regiae
1072 3255 1253 3339 Majestatis
1279 3262 1345 3322 circa

234 3368 362 3448 negotia
381 3368 481 3442 Oleri,
499 3369 725 3431 Fundationum
737 3414 745 3446 ,
759 3366 940 3443 Ecclesiae,
958 3383 1055 3447 porro
1073 3383 1208 3448 quoque
1226 3371 1258 3431 in
1275 3367 1345 3430 sulm

233 3473 385 3537 relictis.“
410 3476 545 3539 Tandem
572 3475 696 3560 legibus
722 3476 876 3556 prioribus
903 3489 1049 3537 coronam
1074 3473 1234 3555 imposuit
1260 3474 1345 3537 Litera

235 3580 476 3646 Asseouratoria
503 3603 585 3647 nuno
611 3584 749 3667 gloriose
774 3584 936 3663 regnantis
961 3581 1193 3664 Angustissimi
1213 3583 1347 3665 Principia

98 3695 101 3700 '
128 3690 134 3698 ’
164 3707 167 3711 ’
233 3708 287 3770 per·
305 3707 392 3753 snum
409 3692 447 3753 ad
473 3693 652 3772 praesentia
680 3692 807 3754 Comitia
830 3691 1008 3772 deputatum
1036 3690 1347 3772 Plenipotentierium,

234 3797 379 3860 ADucem
397 3798 620 3861 Fordinaudum
638 3797 772 3861 Statibus
790 3805 821 3860 et
837 3796 1063 3874 OO.exbibita,
1078 3800 1346 3878 iuramentumpue

236 3905 275 3966 ab
292 3903 409 3968 Eodem
435 3905 483 3968 dic
511 3905 560 3968 ts.
581 3906 677 3986 April.
710 3905 803 3967 1837.
831 3905 1013 3985 depositum.
1038 3904 1123 3968 Nulli
1150 3908 1254 3989 igitur
1271 3904 1345 3968 dubio

234 4010 322 4072 locus
348 4028 420 4075 esse
445 4019 564 4092 potest,
590 4012 749 4092 Principes
775 4017 901 4074 nostros
926 4013 994 4079 iure
1011 4028 1068 4073 suo
1086 4010 1345 4075 Resolutionesin

235 4122 363 4181 materia
381 4118 553 4201 Religionis
571 4117 704 4195 erlandi,
734 4120 838 4197 reipsa
857 4134 931 4180 usos
949 4115 1055 4179 luisse.

321 4331 370 4394 Ad
388 4333 422 4393 V.
448 4333 497 4394 Aa
519 4334 637 4415 paceo
662 4335 696 4394 in
721 4333 806 4397 Ecct.
827 4332 988 4399 Cctbotr'co
1008 4335 1118 4415 quoad
1143 4344 1242 4399 matr.
1259 4335 1344 4397 mista

233 4439 350 4502 usitato
374 4438 491 4520 legibus
526 4442 646 4523 putrida
672 4448 703 4505 et
724 4442 899 4531 principiis
933 4450 1139 4524 recepturum
1164 4443 1344 4527 Religionan
