2798 4852
571 224 723 330 ..aab
765 300 804 316 .-

113 465 256 524 etectum
274 462 305 521 et
321 474 391 521 cum
416 456 620 520 convictione
645 457 702 521 liei
728 455 884 522 Consenti
910 460 1105 524 terminatum
1124 460 1247 527 baberi.

113 564 185 628 idm
203 571 307 628 autem
324 572 440 628 e'ausae
452 563 694 627 matrimoniales
710 562 974 647 Evangelicorum
985 584 1026 630 ex
1041 548 1256 649 praescripto

113 670 296 737 normaliam
330 670 571 735 llesolutionsm
595 660 682 735 'iusta
709 664 863 754 principis
888 672 1093 755 Augustanse
1119 672 1246 737 etllol-

113 781 233 843 reticae
259 778 476 843 confessionis
505 779 589 842 omni
606 784 747 859 tempore
765 777 929 842 diiudicari
946 778 1131 857 debuerint3
1154 781 1239 844 ortl-

113 887 200 951 >utus
227 893 330 949 autem
355 884 417 947 26:
445 883 541 946 ttsl.
558 886 591 947 in
606 884 747 947 levorem
764 883 1031 966 Euangelicoram
1049 884 1194 949 conditus
1210 889 1244 950 in
1280 874 1285 887 ’

113 990 217 1057 >dium
233 1006 342 1056 eorum
358 970 561 1073 interpretari
585 1006 780 1073 nequaquam
803 991 926 1069 valeat,
952 990 1036 1072 quod
1051 992 1163 1074 piique
1178 991 1243 1054 lie-

113 1108 178 1173 et,
206 1101 235 1163 si
260 1096 364 1160 diotae
387 1086 514 1160 'causae'
531 1094 775 1160 matrimoniales
793 1097 880 1160 iuxta
897 1100 1050 1180 principia
1067 1097 1244 1180 Religionis

113 1205 292 1272 {atholicae
309 1202 473 1268 diiudicari
490 1204 662 1268 deberent:
685 1197 756 1268 binc
781 1205 984 1269 innovatione
1011 1203 1111 1286 aliqua
1127 1205 1190 1268 hoe
1206 1208 1252 1268 in·

113 1330 207 1378 tasso
224 1312 326 1376 locum
342 1328 406 1375 non
421 1310 575 1386 habente,
598 1316 785 1391 cessataque
810 1311 999 1375 consistorii
1020 1310 1128 1374 Vestri
1143 1312 1244 1375 Dice-

113 1422 222 1486 cesam
247 1421 422 1491 sententia,
450 1418 546 1480 Vobis
572 1417 708 1500 benigne
735 1420 971 1481 committimus:
1004 1422 1038 1479 ui
1063 1433 1237 1481 occurrens

113 1512 200 1592 :irco
218 1527 446 1607 depositionem
472 1526 637 1588 iuramenti
663 1528 803 1604 tempore
828 1525 1041 1606 copulationis
1068 1542 1126 1607 per
1142 1540 1244 1606 spon-

113 1635 181 1700 som
199 1640 232 1697 et
248 1640 395 1718 sponsam
413 1634 528 1716 deponi
544 1633 688 1696 consueti
704 1630 828 1694 dubium
851 1632 1111 1694 consistorialiter
1126 1630 1244 1695 discuti

113 1743 244 1812 lacere,
262 1749 293 1802 et
309 1743 336 1804 si
352 1741 519 1822 illegalitas
546 1747 716 1821 praetensa
740 1756 855 1819 reapse
880 1738 993 1800 edocta
1018 1738 1132 1811 tuerit,
1157 1740 1244 1801 cirea

113 1845 256 1912 eiusdem
281 1846 465 1908 matrimonii
490 1845 766 1917 resolidationem,
794 1865 874 1927 quae
901 1863 959 1924 per
987 1864 1101 1910 novam
1118 1846 1249 1928 copula·

113 1958 232 2018 tionem
249 1953 317 2015 lieri
335 1954 515 2023 consuevit,
530 1955 715 2014 necessaria
740 1952 928 2033 disponere,
953 1952 1135 2031 illegalitate
1152 1962 1240 2024 vero,¹

112 2062 154 2124 de
175 2077 361 2143 qua-sermo
378 2067 436 2131 est,
456 2078 517 2122 non
536 2061 727 2135 eveniente,
744 2058 903 2121 barbarae
925 2058 1063 2138 Beretky
1080 2066 1112 2121 ot
1127 2040 1244 2122 carolo

113 2169 186 2233 lliss
204 2169 290 2231 velat
314 2169 456 2250 legitime
482 2166 637 2248 copulatis
662 2165 780 2229 nullum
804 2165 935 2244 arnplius
953 2166 1056 2246 quoad
1074 2140 1244 2228 cohabita-

113 2260 235 2341 tionem
260 2275 511 2357 impedimentum
537 2288 657 2353 ponere
682 2274 847 2336 noveritis.
872 2271 969 2336 Vobis
993 2274 1025 2334 in
1041 2273 1165 2353 reliquo
1181 2279 1242 2335 cte.

511 2578 514 2585 Ι
633 2470 722 2542 sas.

113 2663 388 2737 Repraesentanda
416 2662 503 2735 lippi
524 2662 567 2717 ad
589 2658 714 2729 negem
740 2673 818 2727 erga
846 2659 1017 2733 praevium
1037 2656 1249 2737 Rescriptum

530 2751 584 2806 dd.
598 2749 629 2806 6.
642 2750 724 2820 Aug.
743 2748 836 2805 1794.

207 2918 443 2998 Angustissime
468 2920 530 2979 et'c.
555 2916 693 2997 Dignata
710 2923 758 2976 est
778 2912 850 2996 tlaj.
866 2913 981 2975 Vestra
999 2914 1245 2976 clementissimo

113 3024 347 3107 rescriptos'uo
375 3055 414 3066 -
433 3022 505 3085 mibi
531 3022 725 3083 committere
743 3026 802 3082 etc.
834 3028 868 3083 ot
888 3026 995 3100 supra.
1012 3018 1246 3098 Angustissimo

113 3116 489 3214 Imperatori'Artioulus
512 3134 598 3191 certe
615 3124 677 3189 tc:
698 3124 793 3189 list.
806 3130 838 3199 §.
855 3118 969 3188 ilaei
982 3125 1094 3187 deboc
1113 3125 1249 3202 potissi-

114 3258 200 3305 mum
227 3240 342 3301 merito
371 3237 487 3319 agitur,
505 3234 666 3316 energieis
683 3250 818 3316 prorsus
833 3232 942 3295 verbis
968 3233 1026 3293 ista
1044 3229 1188 3292 subiicit:
1205 3246 1248 3293 eo'

114 3351 227 3412 tomen
244 3346 303 3427 per'
313 3358 499 3427 expressum
512 3343 665 3420 subnexo,
682 3341 765 3423 quod
783 3338 911 3404 divortii
928 3339 1105 3400 sententiae
1121 3337 1248 3398 nonnisi

119 3455 229 3540 quoad
241 3454 379 3518 ellectus
396 3450 504 3514 civiles
520 3450 636 3529 ubitpue
653 3450 711 3533 pro'
729 3448 838 3511 validis
853 3445 1049 3517 habeantur,
1070 3442 1247 3526 Episcopos
1290 3504 1293 3509 .

118 3573 226 3629 autem
239 3558 277 3627 ad
290 3562 522 3647 agnoscendam
542 3558 698 3623 talismodi
718 3557 844 3620 vinculi·
857 3553 1029 3617 nullitatem
1048 3550 1193 3630 illamque
1210 3540 1249 3610 ad

116 3668 301 3737 catholicos
321 3668 550 3733 extendendam
567 3667 711 3748 obligare
734 3669 901 3746 nequeant
926 3660 1004 3725 (inm
1029 3661 1109 3741 e'rg‘o
1133 3659 1250 3720 virtute
1314 3666 1318 3672 ·

118 3778 151 3845 e't
163 3758 366 3862 praescripto
392 3778 485 3840 huius
520 3774 652 3839 articuli
669 3774 815 3853 Episcopi
840 3768 878 3831 ad
907 3754 1141 3848 agnoscendam
1157 3762 1249 3824 talis·-

118 3862 1251 3962 mcdlvineutinullitatemillamqueadcatholicosextendendamoutt-
1340 3940 1343 3945 ¹

119 3988 195 4082 g'ari
211 4000 389 4075 nequeant:
408 3993 433 4054 si
452 3990 598 4072 Episcopi
616 4007 634 4050 e
649 3989 847 4070 praescripto
864 3981 937 4045 lidei
954 3978 1131 4044 catholicae
1146 3976 1250 4056 legis·
1229 4000 1256 4017 ··

118 4122 184 4187 que
211 4094 335 4164 diuinae
362 4099 516 4161 talismodi
532 4096 649 4160 vinculi
675 4088 1249 4170 nullitaiemnonagnoscunt,atqt1e

118 4209 209 4277 i'stud
228 4228 285 4297 pro
303 4211 442 4273 iniuncto
454 4208 513 4271 sibi
528 4202 758 4287 praedicandae
773 4202 859 4283 legis
872 4196 996 4261 divinae
1008 4193 1113 4260 ollicic
1125 4189 1249 4260 docent,

120 4322 161 4384 a'c
179 4318 373 4382 decernunt:
366 4314 567 4378 uidendum
590 4320 639 4376 est
660 4308 765 4383 unice,
784 4312 823 4370 an
841 4308 956 4371 virtute
971 4304 1103 4367 huiusce
1128 4286 1252 4361 articuli

120 4426 185 4507 25
205 4420 310 4489 1791.
320 4422 634 4505 haecEpporomaut
658 4411 1022 4480 Consistoriorumcatb
1047 4408 1202 4473 sententia
1219 4409 1252 4465 et
1344 4439 1347 4445 ·

160 4549 322 4628 Borkeociny,
336 4549 367 4600 de
379 4547 456 4599 Matr.
471 4546 568 4619 Masulis.
584 4542 633 4595 tlt.
1001 4534 1037 4585 24
