2798 4852
511 224 560 317 J.-
593 250 667 331 eet
703 299 746 313 -

77 510 308 625 dforomcnto
317 603 331 644 ,
357 576 451 647 ponc
478 559 516 626 in
534 546 750 629 literatura
767 557 882 651 Hrcp.
898 513 1167 651 ‘praeconatum
1185 619 1188 624 .
1281 601 1285 607 ·

584 764 672 840 616.

58 953 298 1027 Gensistorium
328 953 534 1012 Neosolicnsc
557 940 689 1027 requirit
718 956 937 1032 Episcopum,
968 963 1002 1018 ut
1028 962 1185 1029 adversus

57 1042 292 1115 Presbyterum
304 1041 459 1101 loannem
471 1041 611 1101 lloririlr
625 1046 657 1103 tn
670 1048 1009 1108 consesecrandam
1021 1048 1191 1125 procedat,¹

459 1133 512 1192 dd.
525 1135 572 1192 ft.
594 1136 697 1208 April.
705 1136 796 1195 1841.

116 1382 119 1387 ,
145 1299 230 1373 ,num
246 1305 351 1369 intima
367 1303 596 1371 conficeremur
614 1305 818 1372 amaritudine
834 1309 874 1372 ob
891 1325 1016 1373 causam
1031 1292 1185 1375 malornm

60 1409 262 1505 uberrimam,
276 1413 389 1494 quibus
406 1412 549 1477 afflictari
560 1415 591 1477 in
602 1429 754 1494 praesens
766 1414 994 1496 compleremus
1004 1414 1188 1491 Ecclesiam,

60 1536 146 1583 unna
163 1527 295 1599 repente
311 1521 446 1584 accessit
462 1519 582 1585 doloris
603 1538 718 1595 cansa,
745 1539 836 1603 qnam
851 1541 930 1587 sane
945 1523 1129 1606 profitemur
1146 1543 1185 1588 eo
1252 1503 1255 1508 ’

38 1680 40 1685 .
61 1615 155 1691 nobis
173 1627 368 1693 acerbiorem
385 1627 547 1701 accidisse,
565 1646 626 1710 quo
638 1630 738 1692 minue
755 1630 1000 1712 exspectandam
1019 1632 1186 1694 existima·

61 1735 182 1799 bamus.
206 1733 273 1798 Nec
289 1753 366 1800 vero
382 1736 482 1802 latere
498 1743 604 1819 potest
618 1736 831 1807 illustritctem
847 1737 1009 1816 Vestram,
1035 1754 1185 1819 quorsum

59 1844 123 1905 ista
138 1840 339 1921 referantur,
363 1850 395 1906 et
411 1843 493 1906 unde
510 1846 645 1907 animum
669 1848 810 1907 n‘ostrum
833 1845 973 1909 subierit.
994 1845 1190 1919 sollicitudo,
1252 1831 1257 1843 ’

59 1947 160 2012 llltem
176 1949 270 2013 Vnam
282 1952 455 2032 praemissa
472 1957 590 2014 matura
608 1949 835 2014 deliberatione
844 1951 1013 2017 humillime
1028 1940 1190 2034 praesen-=

60 2056 147 2121 tibus
163 2056 394 2140 interpellandi.
419 2059 466 2121 lie
482 2076 517 2122 re
534 2075 667 2139 namque
684 2060 789 2141 agitur
806 2061 928 2122 minime
946 2060 1094 2134 obscure,
1114 2061 1189 2133 imo,
1304 2076 1307 2082 ’

60 2162 266 2241 prohdolor!
290 2166 367 2229 satie
393 2165 453 2227 iam
469 2166 665 2248 pervulgata.
683 2167 829 2231 decanea
847 2165 1002 2240 Hor-dcii,
1029 2185 1088 2251 per
1099 2166 1187 2249 ado-

60 2274 200 2360 ptionem
216 2278 343 2337 nostrae
359 2271 523 2337 Dioecesis
548 2272 631 2336 lilius
657 2256 808 2347 effectus,
836 2272 886 2336 die
902 2273 935 2336 4.
951 2273 1043 2337 Febr.
1062 2292 1089 2336 a.
1108 2293 1137 2355 c.
1155 2275 1187 2336 in
1298 2362 1301 2365 Δ

62 2377 1185 2465 GeneraiiGcmitatusPestiensiscongregationeadversusdoctrinam,

61 2483 241 2567 Eucpclicis
259 2490 476 2552 universorum
494 2487 657 2552 Ecclesiae
675 2487 869 2569 ilungaricae
886 2488 1066 2552 Praesolum
1082 2505 1185 2570 expo·
1309 2532 1312 2536 ,

61 2597 169 2667 tium,
196 2597 413 2670 consurrexit,
429 2597 540 2677 ombus
564 2603 652 2660 certe
677 2599 729 2670 (nt
744 2615 815 2660 cum
829 2595 1013 2660 Innocentio
1028 2594 1186 2676 l.-lcqua-.
1263 2633 1266 2638 -

61 2707 212 2776 mutinen
232 2722 315 2769 nova
339 2711 506 2785 praecepta
532 2705 742 2786 imperantur,
760 2703 818 2766 sed
834 2723 872 2766 ea
887 2728 900 2782 ,¹
915 2722 994 2786 quae
1010 2703 1186 2786 apostolica

62 2819 96 2875 et
111 2811 236 2877 Patriam
252 2812 418 2877 traditione
435 2818 506 2876 sunt
523 2813 710 2885 constituta,
727 2811 894 2876 instantius
911 2826 948 2874 ea
966 2809 1005 2874 dc
1021 2812 1187 2877 causain·
1266 2825 1267 2828 ’

62 2917 237 2992 cnducatur,
254 2927 288 2983 ut
305 2939 323 2983 c
340 2920 445 2984 mundi
462 2923 493 2984 in
514 2920 652 3003 maligno
668 2922 762 3000 positi
779 2920 960 2984 conditione
977 2917 1186 3003 impendentia

61 3028 238 3109 integritati
261 3026 333 3091 fidei
350 3034 382 3090 et
397 3045 515 3091 morum
532 3025 672 3108 pericula
689 3041 809 3091 summe
826 3026 1018 3089 necessariis
1042 3025 1190 3106 discipli-1

62 3151 125 3199 nae
136 3134 372 3203 ecclesiasticae
383 3136 531 3210 institutis
542 3133 776 3218 propulsentur,
796 3134 850 3206 ita,
869 3139 901 3196 ut
912 3131 1096 3195 honorabile
1106 3149 1188 3196 cone·

62 3240 448 3322 iugiumchristiancrun,
459 3241 541 3324 qnod
553 3242 846 3307 estSacramcntnm
857 3257 1001 3322 magnum
1013 3240 1045 3302 in
1057 3238 1185 3304 Christo

36 3389 39 3392 -
63 3355 96 3412 et
106 3346 260 3423 Ecclesia,
270 3357 571 3430 persevcret,atque
588 3349 723 3413 infelicia
740 3347 791 3412 illa
805 3348 953 3429 coniugia
970 3346 1114 3410 infaustis
1131 3362 1189 3408 se·

64 3457 165 3538 quelis
181 3455 338 3521 foecunda
353 3456 574 3540 impediantur,
592 3455 732 3536 quaevei
743 3454 895 3517 adversus
912 3451 1075 3516 Ecclesiae
1086 3449 1186 3524 disci·

63 3562 200 3645 plinam,
217 3566 267 3628 vel
292 3583 354 3629 non
378 3566 544 3647 propitiato
565 3563 652 3638 Deo,
669 3563 719 3626 vel
736 3561 806 3625 solo
823 3559 962 3625 libidinis
980 3565 1089 3634 aestu,
1106 3566 1189 3622 erne

62 3671 151 3735 lente
167 3671 453 3753 Religionissclius
464 3670 625 3734 salvificae
636 3669 761 3743 ardore,
779 3669 959 3748 iunguntur.
986 3661 1123 3727 Rebellis
1138 3664 1193 3751 iric.
1224 3702 1243 3764 '-

61 3767 196 3860 infelicis
212 3778 320 3845 fratris
337 3779 436 3842 nostri
453 3785 563 3844 contra
579 3777 740 3840 Ecclesiae
757 3777 975 3840 auctoritatem
990 3768 1128 3835 assultus
1144 3789 1184 3835 eo
1206 3827 1209 3832 .

63 3867 207 3952 acerbior
224 3887 315 3951 nobis
326 3888 436 3959 evasii,
448 3904 509 3969 quo
520 3885 727 3966 impudentius
738 3886 768 3947 in
779 3884 827 3947 sui
843 3879 968 3944 nefandi
985 3895 1080 3943 ansus
1097 3894 1187 3942 com·

62 3998 241 4071 munionem
264 3993 347 4058 Cleri
370 4010 495 4075 qunque
521 3990 692 4074 Hungarici
716 3994 837 4070 partem
862 4006 998 4060 vocare,
1029 3992 1122 4065 atque
1150 3981 1189 4047 ad
1278 4001 1280 4004 ·

61 4108 169 4190 plures
185 4102 293 4170 secum
306 4103 481 4166 sentientes
504 4099 655 4164 audacter
678 4114 855 4182 provocare
880 4113 943 4160 non
964 4094 1186 4164 exhorruerat,

64 4219 234 4298 eapropter
249 4211 409 4279 Fratribus
421 4210 537 4275 nostris
548 4210 578 4272 in
589 4204 902 4277 christu-nisenus
913 4219 1023 4286 nempe
1041 4200 1188 4296 Pestino-
1281 4236 1283 4240 ι

10 4320 13 4329 “
64 4318 221 4385 Balearis
247 4318 389 4389 Curatis,
421 4315 563 4378 strictam
590 4312 811 4377 necessitatem
837 4307 1000 4390 imponens
1023 4305 1095 4371 fidei
1110 4322 1190 4370 suae

63 4428 217 4491 rationem
242 4419 440 4507 exponendi,
473 4427 565 4501 atque
586 4416 751 4482 mediante
775 4415 1004 4497 protestatione
1025 4415 1191 4496 impactum

920 4533 977 4588 34*
