2798 4852
568 274 829 379 ··.⁴¹··

128 470 253 538 boliten
269 472 333 539 und
349 469 566 565 Vorschriltcn
582 471 639 536 der
654 471 739 536 kath.
755 470 898 555 Religion
915 470 978 535 und
990 469 1105 538 llirobe
1121 489 1161 537 uu
1177 489 1252 539 sor-

134 598 205 662 gen,
219 582 282 647 und
298 585 345 648 sie
362 579 442 647 anob
459 583 592 648 auleine
608 596 835 665 angemesseae
845 579 957 644 Weise
973 581 1026 645 mit
1037 580 1093 646 der
1103 578 1253 646 erwttbu-

139 693 189 754 ton
203 683 309 756 Pdicht
335 691 391 756 der
407 692 579 774 religiosen
603 684 900 771 ltindererziolnung
923 687 1095 773 irdbzeitig
1119 688 1256 754 bekannt

145 812 182 858 au
195 800 330 864 macheu.
357 799 444 885 Naoh
468 798 578 865 diesen
595 797 812 863 Grundstttzen
838 797 941 862 haben
957 795 1008 860 Sie
1024 795 1161 862 beidam
1177 815 1255 863 ror-

152 903 283 990 gelegten
298 907 385 971 llalle
407 892 474 972 'und
493 907 544 971 bei
561 907 643 971 allen
660 905 777 970 andern
794 905 974 989 lrtlnlligbin
990 904 1256 970 rorluommenden

156 1011 300 1078 thulicben
317 1014 423 1079 Fullen
441 1033 480 1079 zu
496 1013 662 1078 veriahren
672 1059 681 1092 ,
698 1012 761 1078 und
779 1015 835 1077 wir
853 1019 1026 1087 amantea,
1043 1011 1115 1077 dass
1133 1011 1186 1079 Sie
1203 1013 1256 1076 mit
1333 1004 1336 1013 “

157 1116 281 1187 lonsicbt
296 1121 359 1186 und
374 1118 633 1186 Bescheidenbeit
656 1120 736 1183 nacla
754 1120 814 1184 den
829 1119 1051 1186 Vorscbrilten
1067 1118 1124 1185 dor
1140 1120 1255 1185 Pasto-

163 1225 328 1312 ralllugbeit
340 1230 408 1295 sict
424 1230 612 1308 benebmen,
629 1227 691 1293 und
708 1228 786 1293 auch
803 1231 834 1294 in
852 1227 944 1294 modo
961 1229 1029 1292 sicb
1046 1225 1156 1294 keines
1172 1227 1258 1292 Feli-

113 1372 119 1385 -
166 1329 589 1403 lenmsmutdentonmen
615 1336 721 1402 lusson
737 1336 876 1405 werden.
903 1332 1101 1409 Puderborn‚
1127 1333 1188 1398 den
1204 1333 1258 1400 30.

168 1439 231 1522 ltpril
247 1443 341 1510 1826.

657 1682 748 1758 431.

158 1818 250 1930 lippus
266 1856 466 1933 Treutrensls
484 1861 524 1918 de
543 1858 696 1918 dubilaao
715 1855 757 1917 ad
776 1857 940 1931 parochos
958 1857 1126 1935 scribens,
1154 1858 1260 1929 quoad
1347 1849 1361 1867 ⁵

154 1941 242 2011 nuta
273 1963 400 2023 quoquc
418 1947 623 2009 matrtmonta
643 1947 886 2023 instructionem
903 1946 1018 2007 lisdem
1037 1949 1155 2006 tribuit.
1170 1947 1263 2007 182&
1316 1996 1320 2001 .

232 2132 270 2142 -
292 2131 332 2144 -
360 2098 468 2163 Omnis
495 2097 618 2181 quidem
647 2107 734 2163 aetas
761 2115 855 2166 curas
880 2104 1005 2163 vestras
1031 2098 1090 2162 sibi
1116 2094 1262 2172 vindicat,

147 2201 196 2266 Sed
212 2223 251 2270 ea
266 2190 482 2287 potissimum,
509 2226 550 2270 ex
567 2225 628 2290 qua
653 2188 775 2272 iuturus
801 2205 918 2289 pendet
933 2203 1099 2270 Ecclesiae
1115 2211 1216 2269 status
1233 2211 1264 2268 et

144 2295 293 2377 humanae
309 2315 492 2388 societatis,
519 2326 675 2398 quamque
691 2313 762 2379 ideo
779 2316 942 2381 coniurata
958 2313 991 2377 in
1006 2315 1170 2397 utriusque
1185 2330 1263 2395 per-

143 2415 253 2488 uictam
278 2425 362 2488 omni
388 2441 448 2508 ope
474 2422 512 2486 ad
538 2440 614 2487 suas
637 2429 743 2504 partes
769 2422 927 2488 adducere
952 2429 1084 2488 conatur
1109 2423 1262 2506 impietas.

114 2520 118 2524 ”
142 2516 343 2596 Educationis
369 2518 438 2594 eius
455 2549 491 2594 ac
508 2529 691 2613 disciplinae
716 2530 767 2596 vel
783 2532 1007 2615 negligentiam
1035 2531 1085 2595 vel
1100 2532 1265 2613 perversi·

142 2631 234 2702 tatem
251 2634 322 2727 inde
339 2654 452 2721 magna
472 2652 513 2700 ex
527 2645 619 2722 parte
636 2638 833 2720 repetendam
850 2655 923 2703 esse
939 2637 1038 2720 probe
1059 2638 1267 2722 cognoscitis,
1355 2624 1371 2701 J

141 2751 177 2802 ac
193 2746 358 2810 nobiscum
377 2745 571 2830 deploratis,
597 2747 756 2830 quodiam
781 2747 923 2811 homiues
940 2747 1129 2812 matrimonii
1146 2747 1266 2810 saneti·
1351 2758 1366 2789 =²

140 2845 212 2916 tetis
230 2859 263 2915 et
278 2850 456 2919 amatorum
484 2854 609 2938 cepisse
635 2853 779 2917 videatur
804 2851 933 2919 oblivio.
959 2853 1069 2920 Nostis
1095 2850 1269 2934 enimvero,
1294 2848 1298 2853 ’

138 2947 259 3026 fratres
275 2958 488 3036 dilectissimi,
517 2979 599 3045 quae
616 2980 633 3025 a
650 2968 793 3043 tempore
817 2961 994 3028 invasionis
1011 2960 1147 3028 Gallicae
1162 2965 1194 3027 in
1209 2962 1276 3028 bac'
1327 2942 1331 2947 ¹
1366 2946 1371 2953 “

136 3068 389 3151 rc·‹tisciptinant
414 3068 519 3133 iactae
544 3070 606 3131 sint
630 3069 861 3133 immutationes
888 3076 919 3133 et
944 3071 1187 3148 innovationem
1211 3070 1268 3134 sed
1313 3079 1323 3141 ἢ

134 3177 246 3241 nostis
262 3178 365 3251 etiam,
382 3173 471 3257 quod
484 3173 651 3260 puoadeu,
669 3194 749 3258 quae
762 3166 989 3242 matrimonium
1007 3196 1066 3241 ceu
1083 3166 1268 3244 sacramen·
1353 3158 1355 3163 ¹

131 3275 206 3349 tum
231 3291 450 3363 concernerent,
479 3286 670 3348 inconcussa
694 3284 869 3367 persistant
893 3283 1058 3350 Ecclesiae
1089 3286 1273 3368 praecepta,

130 3373 269 3465 Nostis,
298 3410 379 3475 quae
404 3393 488 3455 circa
508 3393 707 3456 matrimonia
733 3391 780 3456 sic
798 3391 880 3455 dicta
897 3394 993 3457 mixta
1010 3412 1030 3457 a.
1051 3392 1270 3477 potentissimo
1314 3444 1317 3449 .

129 3500 175 3557 et
199 3499 398 3584 pientissimo
414 3499 504 3580 Rege
529 3505 641 3563 nostro
659 3504 821 3562 emanatae
838 3501 900 3564 sint
916 3500 1025 3583 leges3
1051 3502 1151 3565 nostis
1168 3504 1270 3575 etiam,
1309 3503 1315 3527 '·
1387 3482 1398 3493 ³

129 3609 223 3679 (luas
241 3607 332 3671 vobis
348 3607 381 3672 in
399 3605 525 3670 casibus
543 3604 787 3690 particularibus
813 3604 954 3671 dedimus
978 3608 1213 3691 resolutiones,
1239 3617 1273 3675 ut
1312 3597 1315 3601 ⁵
1339 3659 1344 3669 ,
1389 3694 1392 3698 ,

127 3703 206 3779 ²tanna
224 3715 377 3780 voluntati
393 3714 505 3795 regiae
521 3713 662 3788 satisfiat,
682 3729 773 3795 quam
789 3717 978 3780 conscientia
996 3724 1172 3781 vestrauon
1189 3716 1283 3782 one-'
1379 3799 1383 3808 Ι

113 3822 244 3887 ‘retur
263 3822 468 3886 l’robibemus
486 3820 611 3903 itaque,
629 3837 669 3883 ne
686 3824 843 3886 materiam
861 3823 997 3888 haucde
1012 3831 1102 3889 matr.
1119 3825 1225 3889 mixtis
1242 3828 1273 3890 in
1294 3816 1297 3821 ’

127 3914 409 4019 instructionibus
427 3929 540 3990 vestris
557 3928 691 4009 publicis
706 3931 863 4014 tangatis;
881 3939 912 3996 et
928 3931 958 3997 id
975 3933 1174 4017 potissimum
1189 3930 1273 4011 ideo,
1312 3958 1315 3963 ·
1378 3995 1382 3999 .

129 4028 222 4112 qnia
240 4033 528 4112 monitaeinsmodi‚
545 4042 717 4101 ututcaule
728 4037 818 4113 diota,
836 4041 968 4122 populus
986 4042 1086 4105 minus
1103 4040 1274 4106 instructus
1369 4068 1372 4073 ·

126 4139 331 4227 Plerumque
348 4145 379 4207 in
396 4143 476 4207 lalso
494 4159 589 4205 sensu
606 4143 717 4224 accipit
732 4145 781 4207 vel
797 4150 1033 4228 interpretatur.
1050 4147 1085 4212 Si
1100 4149 1131 4211 in
1147 4128 1279 4225 casibus·
1313 4199 1320 4221 ς
1337 4128 1371 4187 's

131 4247 365 4332 singularibus
382 4247 612 4313 admonitiones
629 4248 698 4314 lieri
715 4250 833 4315 debere
850 4252 945 4317 ollioii
960 4256 1065 4319 uestri
1081 4252 1228 4334 creditis,
1242 4252 1275 4316 id
1307 4291 1311 4297 -
1358 4250 1369 4279 ⁶

133 4354 433 4422 exhortationibus.
449 4354 580 4438 privatis
605 4362 637 4418 ot
661 4355 842 4424 domesticis
867 4358 942 4441 liat,
968 4378 1007 4424 ne
1024 4355 1128 4426 odium
1144 4362 1275 4428 aliorum

135 4448 258 4528 inpos
273 4465 421 4530 excitetis
439 4469 471 4528 et
496 4479 605 4547 pacem
622 4463 767 4531 turbetis.
793 4463 885 4541 (nod
911 4467 951 4532 ab
972 4466 1118 4544 omnibus
1140 4471 1277 4537 coinon„
1339 4512 1342 4519 .
1379 4492 1387 4542 ,-
