2798 4852
529 199 966 359 &coe-2.

165 449 204 512 ad
222 465 279 513 nos
296 447 464 521 reinviare,
483 451 516 510 ut
532 444 569 509 ad
587 445 809 511 conciliandam
835 445 916 510 inter
934 443 1056 509 incolas
1071 442 1177 524 Magni
1198 441 1289 505 buius

113 595 116 605 »
164 557 358 639 Principatus
386 553 527 618 diversas
564 561 712 634 receptas
739 552 913 635 religiones
940 550 1130 615 confitentes
1156 547 1289 619 fraterni

113 694 118 701 ·
163 666 278 727 amoris
296 671 326 725 et
343 662 476 726 fiduciae
493 661 697 741 harmoniam,
717 659 997 741 stabiliendamque
1015 677 1070 741 per
1087 662 1146 722 boo
1165 657 1289 720 animo·
1376 665 1379 668 ’

162 790 231 834 rum
249 768 526 850 tranquillitatem,
544 785 626 859 nova
643 769 775 830 consilia
790 767 952 849 ineamus,
969 767 1139 846 habitoque
1157 765 1195 827 ad
1213 765 1288 828 fun-

164 877 357 941 damentales
375 877 606 959 Regnileges,
632 875 867 958 perfectamque
886 874 1103 956 aequalitatem
1133 873 1280 938 iuriumet

164 983 342 1046 libertatum
369 988 501 1062 quatuor
525 987 723 1063 receptarum
751 982 941 1064 religionum
967 998 1106 1065 congruo
1130 987 1300 1065 respectu,
1338 1062 1344 1073 J

164 1092 320 1155 communi
337 1096 410 1151 voto
429 1107 465 1150 ac
483 1094 590 1152 mutuo
607 1092 738 1171 partium
756 1075 914 1154 consensu
931 1109 1011 1155 nova
1022 1089 1125 1171 legum
1136 1090 1287 1170 proiecta,

164 1196 424 1279 quaeprincipiis
441 1204 636 1278 receptarum
653 1199 842 1279 religionum
859 1215 922 1262 non
940 1197 1167 1275 adversentur,
1205 1214 1281 1262 con·

167 1306 324 1366 scientiae
342 1304 403 1366 vim
421 1322 482 1367 non
500 1303 650 1379 inferant,
677 1311 708 1367 et
725 1305 764 1366 ad
787 1305 1016 1386 assequendum
1038 1323 1184 1386 scopum,
1202 1304 1288 1367 salva
1306 1298 1307 1303 ’

165 1411 263 1493 legali
281 1418 477 1490 receptarum
494 1410 680 1494 religionum
699 1411 896 1494 aequalitate,
913 1414 1071 1493 aptissima
1089 1412 1286 1490 medianam·

164 1520 355 1602 plectantur,
372 1519 542 1582 altissimae
559 1523 710 1584 sanctioni
727 1521 845 1603 Regiae
864 1520 1111 1585 substernamus.
1158 1531 1163 1538 ·

179 1685 183 1689 ,
257 1627 419 1690 Paternam
445 1645 462 1689 e
489 1627 627 1710 benigno
653 1627 753 1692 hocce
769 1628 936 1710 Rescripta
962 1611 1062 1713 Regio
1079 1629 1288 1692 elucescentis

119 1806 122 1812 ,
165 1735 341 1799 altissimae
359 1734 538 1798 intentionis
550 1735 586 1797 ad
599 1735 737 1799 asseclas
751 1737 947 1801 diversarum
956 1737 1151 1818 Religionum
1164 1733 1290 1798 arctiori
1362 1776 1365 1783 ι

117 1866 119 1871 “
163 1843 299 1908 fraterni
316 1846 430 1909 amoris
447 1851 478 1906 et
495 1850 618 1906 mutuae
635 1843 765 1908 fiduciae
792 1846 918 1908 vinculo
944 1846 1025 1907 inter
1041 1863 1076 1908 se
1102 1843 1289 1928 iungendos,

164 1951 318 2035 publicam
336 1955 506 2016 animorum
523 1954 659 2033 quietern
674 1952 940 2029 consolidandam,
959 1950 1168 2015 conscientiae
1185 1952 1284 2016 liber·
1364 2028 1366 2030 q

164 2066 256 2123 tatem
273 2059 393 2124 illibate
410 2059 655 2129 sustentandam,
673 2061 892 2140 salutaresque
909 2061 965 2124 hos
984 2060 1070 2128 lines,
1089 2061 1183 2123 salvis
1200 2060 1286 2142 legi-

164 2168 224 2231 bus
242 2167 526 2232 fundamentalibus
544 2175 576 2236 ct
592 2167 997 2249 aequalitatereceptarum
1013 2167 1216 2248 religionum,
1233 2186 1288 2230 as-

166 2273 1289 2361 sequendcsdirectaedeclarationemdevotissimogratitudinissensu

162 2380 355 2460 recolimus3
381 2401 448 2446 cum
467 2381 664 2445 nihilominus
677 2383 716 2444 de
734 2382 857 2463 aequali
874 2388 1006 2463 quatuor
1022 2387 1288 2462 receptarurnre-

166 2472 319 2574 ligionurn
338 2491 371 2553 in
387 2489 447 2552 hoe
463 2490 642 2572 Principatu
653 2489 808 2562 libertate,
826 2508 863 2551 ac
875 2488 993 2552 iuribus
1002 2507 1059 2570 per
1069 2491 1290 2570 praeexisten-

164 2603 213 2661 tes
231 2595 479 2661 fundamentales
496 2597 616 2677 patriae
634 2604 763 2660 nostrae
779 2597 886 2678 leges,
906 2600 1066 2686 avitasque
1084 2597 1288 2667 constitutio-

167 2692 484 2786 nes‚diplomatibus‚
511 2702 805 2783 affidatiouibusque
822 2703 927 2784 Regiis
944 2704 1058 2767 iterato
1076 2703 1230 2776 firmatas,
1257 2711 1299 2766 et·

166 2811 314 2894 legaliter
332 2829 496 2892 numquam
513 2811 660 2882 alteratas
677 2811 872 2874 sufficienter
890 2817 1010 2874 cautum
1027 2818 1290 2893 prospectumque

166 2920 226 2980 sit:
252 2917 407 3008 intiisdem
423 2917 546 2998 legibus
563 2921 750 2981 tutissimum
767 2919 956 3000 praesidium
970 2925 1000 2980 et
1015 2918 1136 2998 plenum
1148 2912 1290 2981 fiduciam

165 3025 360 3102 collocantes
377 3045 393 3087 a
420 3025 493 3088 novi
521 3031 652 3088 eatenus
670 3019 825 3087 condendi
843 3024 966 3087 articuli
984 3024 1069 3088 'velut
1087 3027 1212 3089 omnino
1230 3043 1288 3092 su-

165 3132 277 3217 perflui
293 3124 455 3197 sanctione
473 3129 756 3213 praescindendam
773 3132 842 3206 rati,
858 3128 888 3191 id
900 3148 994 3194 unum
1011 3148 1028 3191 a
1046 3129 1207 3212 llajestate
1225 3132 1288 3197 Vra

168 3231 335 3305 ssnn'nac
352 3240 383 3305 in
400 3245 488 3321 parte
505 3237 673 3301 humillime
692 3237 888 3300 exorandum
904 3237 1072 3314 babemus,
1091 3243 1123 3299 ot
1139 3237 1229 3320 leges
1247 3240 1289 3302 il-

142 3430 146 3437 ·
165 3348 212 3410 las
231 3354 289 3410 tam
308 3346 424 3410 Eadem
441 3328 576 3408 Altefata
597 3346 790 3420 observare,
808 3363 899 3426 quam
915 3362 971 3424 per
990 3345 1066 3406 alios
1084 3362 1288 3426 quoscunque
1362 3365 1363 3368 ¹

166 3433 452 3519 observarifacere
469 3453 708 3517 clementissime
735 3450 890 3536 dignetur.
915 3450 1004 3525 Quod
1026 3451 1130 3535 legale
1147 3460 1287 3517 nostrum

168 3555 355 3626 desiderium
374 3569 405 3624 ut
423 3581 461 3625 eo
479 3564 596 3628 certius
613 3566 751 3642 optatum
767 3561 876 3638 sortiri
893 3558 995 3621 valeat
1020 3558 1185 3634 effectum,
1209 3544 1289 3642 pro-

167 3673 298 3732 nomina
315 3671 346 3734 iu
365 3670 599 3747 convulsionem
618 3675 801 3732 attaclarum
819 3667 925 3752 legum
942 3674 1121 3730 nostrarum
1139 3687 1287 3733 aceumu-
1313 3728 1317 3734 .

166 3778 240 3852 lata,
260 3785 299 3841 dn
316 3778 377 3842 lide
395 3786 426 3841 et
443 3778 636 3861 obligatione
663 3778 734 3852 illa,
763 3796 843 3859 quae
868 3795 926 3840 nos
951 3780 983 3841 io
1009 3774 1202 3841 communem
1220 3797 1288 3841 cum

168 3885 263 3950 SSma
282 3887 342 3948 Vra
361 3886 524 3949 Maiestate
550 3887 755 3950 stabiliendae
785 3888 983 3974 securitatis,
1004 3893 1042 3964 et
1059 3887 1289 3968 promovendae

168 3997 326 4064 felicitatis
345 4019 438 4063 carae
457 4006 583 4063 nostrae
600 3999 724 4062 Patriae
736 4015 854 4079 curam,
873 4005 904 4061 et
915 4000 1064 4063 avitarum
1075 3998 1180 4080 legum
1191 3999 1289 4087 liber-

167 4110 322 4188 tatumquc
339 4115 516 4173 nostrerum
533 4107 797 4171 manutentionem
822 4109 966 4180 vocavit,
988 4123 1044 4189 pro
1061 4125 1204 4190 congrua
1222 4125 1290 4171 me-

168 4211 235 4278 dela
254 4231 415 4296 quoocyns
432 4213 569 4297 benigne
586 4213 767 4291 adferenda,
784 4212 869 4278 filiali
885 4233 954 4279 curn
971 4213 1084 4282 fiducia
1102 4221 1134 4280 et
1151 4213 1288 4282 candore

167 4322 198 4406 in
215 4322 418 4405 sequentibus
435 4329 675 4404 repraesentare
694 4323 892 4389 sustinemus.
1157 4303 1158 4307 ¹
