2798 4852
458 239 483 293 ,·
648 206 922 373 ³25⁸452.a
991 306 995 316 .

92 488 95 495 ·
179 503 201 545 ·.
233 467 302 526 iure
326 459 545 543 requiruntur,
572 438 943 539 impleanturi'paratum
970 473 1042 519 esse
1069 454 1108 516 ad
1136 451 1330 536 querelantem

224 591 305 656 ‘cum
330 583 443 650 sponsa
470 584 525 630 sua
551 582 590 627 eo
616 565 728 641 modo,
761 558 852 645 quern
879 571 939 625 tam
963 561 1116 643 articulus
1143 560 1205 623 26:
1239 555 1333 637 libid.

76 736 81 743 .
141 746 147 759 ,
237 696 327 759 quam
353 677 449 739 Cone.
475 658 689 735 Tridentinae
715 671 753 732 ad
779 668 957 751 nuptiarum
982 669 1155 738 essentiam
1174 675 1206 730 et
1223 665 1336 733 valorem

234 783 378 864 requirit,
395 799 503 860 nempe
520 781 552 841 in
569 780 617 855 sui
634 795 695 858 qua
713 777 846 839 Parochi
863 783 893 838 et
910 777 1049 887 duorum
1058 777 1188 838 testium
1205 791 1339 878 praesen·

194 888 200 897 ’
236 894 277 954 ιιι
295 887 490 952 matrimonio
507 884 708 968 iungendum.
732 885 800 957 Etsi
817 902 895 948 vero
913 868 1029 960 sermo,
1048 902 1111 966 quo
1130 900 1261 946 causam
1276 898 1340 944 suum

237 976 351 1059 tutatus
378 1000 443 1072 est,
470 973 612 1054 meritam
638 993 668 1052 in
696 990 960 1072 Congregatiene
978 987 1128 1053 Generali
1156 989 1342 1051 adunatorum

196 1077 204 1092 ⁸
237 1103 341 1166 tulerit
366 1101 643 1184 approbationem,
667 1097 727 1160 boc
754 1105 855 1159 tamen
867 1094 934 1186 non
957 1078 1103 1159 obstante
1123 1096 1345 1159 determinatum

237 1180 1344 1282 esr²satuml³arochumActioneconveniendumessc,s1evdou

238 1335 329 1381 sacro
346 1325 485 1398 tempore
509 1316 590 1377 intra
616 1312 792 1394 quindecim
819 1313 887 1402 dies
905 1311 1093 1377 connubium
1112 1313 1349 1393 quaestionatae

238 1428 330 1487 sacr'o
346 1427 408 1486 ritu
423 1422 455 1485 in
472 1420 616 1484 Ecclesia
633 1422 698 1491 neri
712 1421 923 1482 benedixerit.
948 1420 1073 1483 Interim
1097 1419 1176 1483 dum.
1191 1418 1271 1481 baec
1287 1437 1347 1500 age

168 1600 174 1605 ,
238 1538 367 1605 rentur,
392 1547 505 1610 sponsa
522 1527 715 1599 rnstrtuuonr
730 1527 902 1614 relrgrosae
918 1528 1060 1608 subjecta
1077 1527 1158 1604 furt
1168 1527 1244 1589 sed
1260 1524 1349 1588 eaden

89 1654 94 1661 '
145 1625 161 1716 J
239 1656 309 1699 eum
328 1636 492 1713 mdoerlrs
523 1643 554 1697 et
570 1655 602 1697 ιιι
625 1636 721 1701 rebus
739 1632 904 1714 relrgroms
937 1630 996 1696 tam
1023 1635 1109 1697 rudis
1137 1641 1242 1708 esset,
1268 1641 1297 1698 ut
1311 1631 1349 1694 rel

63 1750 67 1757 ’
160 1751 163 1754 ’
240 1743 311 1805 ιιιιιι
329 1744 481 1806 elementa
498 1743 678 1823 remorarer
697 1742 917 1822 qbaruobrem
917 1741 1055 1807 undula
1062 1749 1095 1804 et
1111 1741 1260 1805 diuturna
1276 1741 1349 1804 matr

203 1871 207 1878 ’
240 1853 358 1915 tutione
376 1867 457 1926 opus
472 1855 575 1944 esset,
603 1849 641 1910 ad
666 1849 834 1931 diligenter
852 1841 1111 1944 frequentandam
1126 1832 1348 1922 institutionem,

107 2012 115 2021 .
189 2029 193 2035 ,
227 1974 336 2036 ‚quam
361 1956 557 2037 ignorantia,
593 1948 758 2037 minusque
779 1957 870 2038 probi
892 1954 995 2020 mores
1013 1974 1172 2039 sponsae,
1196 1965 1230 2020 et
1245 1953 1348 2020 ineundi

238 2064 424 2127 matrimonii
439 2063 560 2125 indoles
577 2064 809 2144 deposcebant,
836 2067 969 2141 inviata3
994 2071 1050 2126 ast
1058 2065 1172 2129 eadem
1192 2063 1346 2128 institutio·

94 2174 97 2181 '
148 2183 155 2195 ’
197 2240 200 2245 ,
241 2192 311 2235 nem
338 2171 546 2242 fastidiendo,
575 2178 606 2232 et
632 2173 672 2234 ob
698 2178 840 2234 connexa
868 2191 945 2234 cum
967 2178 1177 2254 praegnante
1196 2178 1295 2243 statu,
1321 2166 1347 2228 ad

244 2276 334 2359 quam
351 2295 574 2360 persponsum
601 2294 688 2340 suum
715 2278 857 2359 coniecta
884 2258 1005 2362 iuerat,
1030 2266 1232 2343 incommoda
1250 2279 1347 2340 alteru·
1367 2360 1372 2367 Ι

242 2393 365 2463 tamque
381 2383 591 2453 valeturbnem
614 2371 840 2477 institutionem
856 2386 1063 2467 neglexerat,
1089 2386 1251 2473 pleneque
1265 2387 1347 2449 inter·

140 2560 143 2568 Δ
241 2492 387 2570 nriserat3
412 2507 473 2568 quo
489 2487 573 2551 iacto
592 2464 660 2550 eum
677 2489 864 2571 obligationi
882 2509 957 2553 suae
974 2491 1120 2564 deesset,
1140 2494 1182 2555 ad
1200 2491 1347 2557 ineundum

242 2596 468 2658 matrimonium
496 2592 614 2656 admitti
631 2613 692 2657 noo
710 2599 816 2677 potuit.
844 2596 919 2659 Esto
936 2616 1014 2660 vero
1031 2599 1145 2681 legalis
1162 2599 1246 2662 haec
1263 2600 1348 2662 causa‘

241 2722 322 2783 quae
339 2702 555 2764 matrimoniali
571 2702 709 2773 eiusdem
726 2688 936 2767 coniunctioni
954 2724 1152 2785 cumsponso
1171 2725 1232 2771 suo
1251 2722 1347 2770 moran

242 2812 398 2894 ponebat,
426 2810 686 2881 subversorem,
715 2817 745 2871 et
771 2810 809 2871 de
835 2798 945 2874 eadem⁸
966 2831 1103 2894 sponsus
1120 2833 1181 2895 per
1198 2815 1346 2887 Paroebun

242 2918 372 2980 edoctus
399 2916 512 2989 luerit,
539 2916 619 2978 idem
638 2923 740 2978 tamen
757 2935 892 2998 sponsus
911 2916 999 2999 plura
1016 2924 1288 2987 comminiscendo
1303 2937 1347 2983 no·

148 3034 151 3039 ’
242 3044 312 3089 vum
331 3024 531 3103 querulosum
552 3041 714 3087 recursum
731 3023 833 3087 Subst.
858 3024 1090 3115 Vico-Comiti,
1119 3047 1185 3109 qua
1216 3039 1346 3094 extraor-

171 3113 195 3128 ”
240 3133 380 3195 dinariae
397 3131 527 3194 Sedriae
545 3131 575 3192 in
593 3149 687 3193 causa
706 3133 871 3215 mixtorum
889 3135 1162 3199 matrimoniorum
1179 3140 1347 3202 constitutae

72 3220 75 3228 ¹
137 3312 143 3329 1
240 3239 380 3302 Praesidi
397 3238 601 3313 exhibuerat,
619 3238 649 3298 in
667 3241 756 3302 cuius
768 3239 929 3319 sequelam
940 3239 1020 3303 idem
1040 3242 1178 3308 Praeses
1197 3246 1347 3308 Parocbuu

159 3356 163 3375 ²
239 3343 383 3410 diliciose
410 3343 630 3418 admonuerat,
666 3353 698 3407 ut
723 3349 800 3410 citra
827 3364 945 3409 moram
972 3349 1197 3428 querelantem
1225 3367 1347 3436 sponsum

167 3505 170 3513 .
220 3472 308 3516 cum
333 3470 447 3532 sponsa
474 3468 529 3512 sua
555 3451 592 3512 ad
620 3453 808 3534 exigentiam
843 3454 1111 3519 determinationis
1146 3455 1347 3524 comitatensis

240 3562 358 3626 usitato
380 3562 523 3640 perprius
548 3577 638 3621 sacro
653 3562 724 3622 ritu
751 3563 781 3623 in
807 3560 949 3626 Ecclesia
968 3562 1107 3642 copulet.
1132 3567 1196 3630 Ast
1213 3567 1347 3631 admonito

240 3667 381 3730 Parocho
400 3664 650 3729 benedictionem
668 3669 698 3730 in
715 3667 858 3731 Ecclesia
884 3689 952 3732 cum
970 3673 1068 3770 sacris
1085 3675 1204 3739 ritibus
1221 3675 1346 3758 impertiri

240 3774 395 3853 integrum
413 3791 473 3836 non
493 3782 577 3847 erat,
605 3773 659 3836 sed
677 3793 736 3836 nec
753 3778 880 3851 passive
907 3779 1108 3841 matrimonio
1125 3779 1201 3845 buie
1220 3787 1347 3846 assistere

239 3881 360 3961 potnit,
377 3899 444 3942 nam
463 3899 521 3943 nee
546 3899 680 3962 sponsus
697 3885 782 3961 ipse,
811 3902 869 3945 nec
894 3901 1011 3963 sponsa
1027 3895 1103 3968 post
1120 3890 1346 3956 admonitionem

239 3987 415 4050 iudicialem
432 3987 494 4050 lure
511 3987 729 4052 sollicitandae
746 4009 823 4053 suae
840 3993 1077 4056 matrimonialis
1089 4000 1313 4064 coniunctionis
1322 3999 1344 4059 iu

152 4074 161 4092 ‘
239 4091 390 4156 Parecbia
425 4103 685 4191 comparuerant,
719 4114 917 4180 sponsusque
940 4102 1112 4181 requisitas
1140 4107 1345 4172 concorrentis

239 4197 334 4260 Verbi
351 4201 444 4262 divini
468 4201 602 4266 lllioistri
627 4204 857 4270 testimoniales
887 4208 927 4270 de
943 4207 1034 4273 lactis
1055 4214 1345 4299 promulgationibus

240 4303 389 4382 nulloque
424 4309 629 4372 subversante
655 4312 875 4392 impedimento
910 4333 972 4378 non
998 4317 1216 4400 exhibuerat,
1254 4338 1345 4407 sponsa

240 4423 315 4488 rere
328 4408 511 4479 institutioni
522 4416 702 4504 religiosae,
714 4426 746 4482 ut
758 4423 961 4505 praemissum
971 4430 1029 4500 est,
1041 4427 1348 4513 semetsubduceodo,
1389 4458 1391 4471 ·
