2798 4860
532 234 802 328 '—ara-

131 448 263 523 landum
281 466 352 513 csse
370 467 409 512 eo
426 451 526 531 tnagis
542 439 761 524 indicaverim,¹
773 449 983 533 quodcontra
996 450 1144 535 positivus
1163 472 1263 535 supo-

131 558 202 620 rius
221 556 373 622 adductas
391 554 843 642 etaliaspatriaehuius'leges
855 578 915 622 non
927 561 1264 635 tantumreversalium
1317 564 1328 580 '

106 663 191 727 -sed
208 667 301 727 etiarn
318 666 559 744 promissionum
585 666 623 727 dc
641 666 779 746 prolibus
806 668 968 748 utriusque
986 684 1081 731 sexus
1099 667 1261 731 catholice

131 770 309 834 educandis
336 773 533 836 exactionem
558 775 615 836 sub
640 790 742 853 poena
770 773 799 835 in
818 774 896 854 App.
915 776 1021 838 Const.
1040 778 1070 836 in
1089 781 1261 838 contrave·
1341 790 1350 833 ·,

131 879 259 943 aientes
276 881 834 960 statuta'gravissimeprohibentes,
850 884 910 945 imo
930 882 1037 964 proles
1055 883 1084 943 in
1102 889 1262 962 parentum
1316 932 1318 936 .

108 972 287 1068 'religione
313 986 443 1053 educari
466 993 496 1050 ct
514 989 659 1069 baptisari
685 990 818 1069 positive
845 991 1073 1080 praecipientes
1100 990 1154 1052 niti
1171 981 1258 1070 peri-

131 1093 275 1159 culosum
300 1113 374 1181 essa
401 1096 613 1160 iudicaverint.
645 1097 684 1159 Et
709 1097 740 1157 2.
767 1097 856 1169 Quod
881 1097 982 1180 Regni
1010 1097 1140 1162 Comitia
1158 1096 1260 1161 immi·
1362 1089 1366 1095 ’

131 1208 230 1266 noant
245 1205 277 1265 in
293 1202 532 1278 Transsilvania‚
548 1204 578 1265 in
597 1206 707 1285 quibus
724 1222 876 1286 praesens
893 1208 1055 1288 negotium
1074 1209 1259 1286 ceteroquin

131 1322 249 1394 magno
265 1312 436 1375 animorum
459 1319 550 1376 aestu
571 1312 756 1393 agitandum
774 1333 792 1376 e
811 1313 947 1396 praeviis
966 1314 1259 1394 praeparationibus

130 1417 342 1482 indubitanter
367 1418 554 1499 praevido03
578 1437 617 1482 ne
643 1420 739 1500 igitur
758 1439 819 1503 ogo
845 1420 1078 1485 introductione
1097 1426 1170 1501 anto
1192 1410 1256 1484 Co·⁵

131 1527 218 1590 mitia
244 1528 389 1607 passivae
414 1507 566 1590 inmixtis
593 1532 679 1589 matr.
707 1527 904 1591 assistentiae
931 1526 1068 1591 Statibus
1086 1536 1117 1591 et
1137 1525 1200 1590 00.
1220 1527 1258 1590 ad

101 1667 102 1670 ¹
130 1635 245 1697 inanes
263 1640 293 1696 et
306 1632 443 1713 prolixas
460 1652 553 1715 super
571 1634 633 1698 lroc
650 1634 775 1697 obiecto
790 1634 1015 1716 disputationes
1034 1653 1140 1698 ansam
1154 1640 1259 1715 'prae‘-

129 1741 258 1813 ltuisso‚
283 1740 448 1822 taliterque
474 1747 593 1821 tempus
612 1742 649 1802 ad
668 1740 789 1805 Patriae
806 1745 936 1825 negotia
955 1743 1175 1825 pertractanda
1195 1743 1258 1805 de-

129 1851 277 1912 stinatum
303 1847 424 1910 etiarnsi
449 1845 601 1910 indirecte
627 1848 717 1927 quasi
746 1863 938 1929 occupasse,
965 1850 1075 1913 nelors
1105 1850 1258 1913 altissimo

129 1962 256 2036 tiuratque
272 1953 342 2017 loco
368 1954 457 2037 argui
483 1955 617 2036 possim,
643 1971 742 2036 usque
768 1953 858 2018 tinern
876 1955 1073 2018 comitiorum
1100 1975 1168 2018 cum
1185 1975 1258 2036 pas-

130 2063 217 2126 sivae
243 2063 273 2123 in
301 2063 403 2125 mixtis
431 2069 518 2126 matr.
543 2061 743 2124 assistentiae
769 2062 1004 2126 introductione
1032 2062 1257 2144 expectandum
1349 2062 1355 2072 ’

130 2153 203 2233 esse
221 2171 351 2241 censui,
369 2169 418 2231 illa
437 2187 560 2251 quoque
583 2186 645 2231 non
663 2187 743 2232 vana
761 2187 815 2250 spe
832 2168 986 2243 lactatus,
1015 2155 1104 2251 quod*
1125 2171 1253 2250 praevi.-

130 2283 246 2362 gentes
272 2276 383 2357 leges,
411 2277 441 2337 in
466 2263 693 2355 praeiudicium
719 2275 950 2339 Catholioorum
976 2277 1115 2357 perlatae
1138 2279 1168 2339 in
1185 2295 1256 2338 mox
1304 2352 1307 2356 p

122 2383 391 2475 [secuturisregni
408 2382 562 2456 comitiis,
592 2383 820 2446 cordatioribus
847 2384 976 2446 Diaetac
1001 2383 1144 2447 membris
1163 2385 1255 2447 adiu·
1299 2446 1303 2450 .
1367 2440 1369 2447 ,

128 2493 228 2557 trices
254 2491 325 2555 milri
351 2507 474 2579 manus¹
501 2490 753 2572 porrigentium,
789 2491 950 2554 laetiorem
980 2491 1090 2554 facicm
1125 2491 1255 2557 induere

128 2601 262 2683 possint.
288 2597 350 2663 Sed
369 2605 400 2660 et
418 2597 448 2660 3.
468 2611 651 2661 successum
676 2599 768 2661 huius
795 2601 914 2680 negotii
931 2602 961 2661 in
979 2598 1138 2680 Hungaria
1155 2619 1255 2682 expe-

131 2705 280 2775 ctandum
296 2695 424 2778 consui,
442 2711 475 2767 ut
492 2704 634 2787 exemplo
652 2706 1024 2769 vicinorumrnoveantur
1040 2705 1253 2799 Transsilvani
1319 2712 1321 2717 ’

127 2816 168 2881 ad
184 2815 357 2884 doctrinam
376 2822 406 2877 et
423 2815 541 2895 praxim
553 2813 715 2901 Ecclesiae
732 2814 845 2878 intuitu
857 2814 1046 2900 saepefatae
1056 2815 1254 2879 assistentiae
1362 2797 1364 2802 ἲ

127 2922 323 3006 passimam
349 2921 451 2985 mixtis
478 2929 567 2985 raatr.
595 2921 732 3003 vigentis
758 2925 907 3004 promtius
932 2923 1154 3006 recipiendam.
1188 2921 1255 2988 Ac-

124 3029 376 3111 cedit-donique
400 3028 431 3091 4.
457 3012 546 3102 udat
584 3025 779 3091 defectiones
805 3048 821 3089 a
849 3029 908 3093 fide
944 3029 1138 3103 orthodoxa,
1161 3044 1252 3113 'quae
1334 3034 1358 3064 Ψ

125 3136 318 3210 dcundum,
342 3156 389 3205 noe
415 3135 454 3199 ad
479 3136 549 3200 illas
571 3135 784 3218 impediendas
810 3136 884 3196 totis
911 3135 1029 3200 viribus
1055 3139 1122 3228 sine
1148 3144 1253 3220 optato

124 3247 374 3318 renouauerat
405 3253 600 3328 opponente,
642 3243 825 3326 plerumque
857 3243 1163 3319 matrimoniicausa
1195 3263 1251 3305 ce-

112 3338 272 3438 'lorisque
306 3352 455 3422 secundis
485 3373 502 3414 e
535 3352 645 3437 linibus
678 3355 709 3412 ct
741 3349 1104 3422 sinesexhebdomadali
1132 3352 1251 3415 instru-

124 3467 236 3531 ctione
260 3464 384 3544 inpune
417 3460 512 3534 fiunt,
539 3466 569 3522 ct
587 3453 801 3542 copulationes
835 3458 939 3521 talium
964 3451 1170 3539 personarum
1196 3477 1253 3540 per
1340 3447 1361 3488 ,·

124 3570 288 3641 Ministros
321 3569 513 3632 acatholicos
546 3568 640 3639 libere
673 3549 891 3652 peraguntur'p
918 3565 971 3629 tali
1004 3559 1128 3629 ratione
1151 3549 1250 3630 adhuc

126 3685 333 3776 augurentur.
381 3770 383 3775 Ι
526 3772 529 3779 ¹

218 3786 287 3849 llao
302 3792 333 3846 et
359 3783 439 3847 aliae
453 3830 461 3860 ‚
474 3794 477 3798 ’
490 3802 565 3867 quas
583 3784 633 3846 hic
644 3807 656 3868 ,’
679 3803 718 3848 oe
744 3783 872 3849 nimium·
894 3780 1008 3864 longos
1026 3783 1103 3859 sim,
1127 3779 1252 3846 adierrc

125 3914 192 3960 uon
209 3899 311 3965 vacat,
329 3898 360 3954 ut
376 3891 447 3957 milri
464 3890 607 3966 videtur,
625 3899 715 3955 erant
731 3890 924 3954 sufficientes
941 3892 1102 3961 rationes,
1119 3880 1250 3972 propter
1275 3880 1278 3886 ’
1351 3953 1355 3961 ,

125 4019 208 4086 quas
232 4000 497 4069 introductionem
523 4002 671 4080 passivae
692 4000 889 4062 assistentiae
908 3999 946 4060 'in
973 3998 1075 4060 mixtis
1104 3995 1250 4071 matred
1352 4060 1355 4070 .

124 4109 333 4177 summoned
359 4107 434 4171 illud
459 4126 557 4190 usque
585 4117 705 4193 ternpus
730 4105 934 4171 differendam
960 4104 1114 4174 iudicati,
1149 4102 1249 4166 donec

124 4218 233 4283 lutura
254 4217 284 4284 in
319 4214 548 4285 transsilvania
574 4212 704 4301 Comitia
730 4215 892 4278 terminata
916 4211 1052 4284 luerint,
1080 4230 1119 4274 ne
1146 4228 1250 4283 secus,
1308 4198 1316 4209 ’

125 4325 204 4391 dunt
214 4323 387 4406 Religionis
404 4330 435 4386 et
451 4322 612 4388 Ecclesiae
636 4321 814 4386 Catholicae
839 4306 1001 4402 negotium
1028 4320 1111 4382 omni
1129 4326 1247 4382 conatu

124 4449 313 4517 promovete
330 4431 460 4508 studeo,
475 4427 561 4501 illud
583 4429 721 4495 maximis
740 4427 919 4494 involvatur
937 4414 1172 4491 difficultatibus
1185 4473 1202 4517 ,Ι
1220 4433 1250 4487 et

145 4555 324 4621 *Matucaium
336 4553 367 4606 do
381 4554 457 4606 Matr.
471 4551 567 4607 Mictir.
581 4550 631 4606 111.
947 4552 948 4556 ’
1004 4549 1038 4603 37
