2798 4860
492 310 532 348 ·.
578 253 805 410 ...raaz

219 478 321 561 Leges
347 479 610 552 fundamentales,
637 480 748 560 quibus
777 474 952 561 aequalitas
979 478 1094 542 iuriam
1123 476 1238 561 quatuor

50 636 61 654 .
132 587 532 672 receptarumreligionum
549 589 709 663 innititur,
736 587 869 673 diversis
890 587 1023 651 violatas
1040 585 1140 650 luisse
1156 587 1239 650 modis

134 713 197 758 non
216 693 283 756 sine
300 694 372 757 iusti
390 694 505 757 doloris
523 712 618 758 sensu
637 697 774 780 experiri
791 696 962 759 debuimus.
980 698 1027 739 -'
1043 729 1081 739 -
1102 695 1240 758 inmixtis

133 801 338 865 matrimoniis
355 803 481 875 etenim,
507 799 576 863 dum
595 801 745 864 alterutra
765 803 898 880 partium
915 801 950 863 R.
970 801 1163 865 Catholicam
1177 820 1239 881 pro-

132 909 236 973 litetur
252 910 458 992 Religionem,
475 910 633 990 copulatio
651 910 830 973 corurndem
847 911 971 972 nonnisi
984 904 1046 990 'per
1058 904 1239 973 sacerdotem

131 1017 350 1081 RCatbolicum
367 1017 488 1098 peragi,
506 1024 769 1098 emergentesque
789 1035 806 1078 e
824 1016 936 1078 talibus
953 1018 1161 1079 matrimoniis
1175 1035 1237 1096 pro·

133 1143 242 1188 cessus
261 1124 440 1187 divortiales
466 1125 564 1187 solum
582 1126 612 1185 in
638 1123 708 1187 loro
735 1123 952 1187 ecclesiastico
969 1123 1006 1185 R.
1025 1123 1237 1187 Catholicorun

119 1232 295 1305 diiudicari
313 1231 521 1294 admittuntur.
547 1229 611 1292 lmo
638 1233 669 1293 in
686 1231 846 1311 sequelam
863 1232 1074 1295 ordinationis
1094 1250 1150 1311 per
1166 1232 1236 1294 Pon·

133 1340 245 1404 tilicem
262 1340 430 1403 Romanum
448 1338 593 1402 dimissae
611 1339 642 1402 in
659 1339 762 1401 mixtis
779 1339 983 1402 matrimoniis
1007 1340 1046 1401 ab
1060 1341 1163 1421 aliquo
1174 1347 1238 1401 ten-

53 1507 56 1512 .
132 1469 210 1531 pore
227 1453 306 1541 rit-us
324 1449 475 1513 solennes
491 1449 586 1530 longo
604 1468 661 1512 usu
689 1452 866 1512 consecrati
892 1457 922 1511 et
949 1451 1133 1535 benedictio
1158 1449 1239 1511 dene-

132 1564 246 1638 gatur,
274 1558 333 1621 uisi
360 1576 432 1644 pars
457 1557 632 1638 Religioni¹
649 1557 684 1619 R.
712 1558 892 1620 Catholicae
927 1557 1053 1620 addicta
1081 1559 1240 1621 nascituras

135 1666 297 1747 utriusque
315 1682 412 1751 sexus
429 1664 537 1746 proles
550 1666 579 1726 in
591 1670 785 1747 praealtacta
796 1663 952 1745 religione
972 1662 1174 1728 educatorem
1184 1669 1240 1726 voto

124 1779 232 1834 semet
250 1774 464 1835 obstrinxerit.

221 1879 255 1942 ln
272 1887 359 1941 matr.
377 1880 479 1941 mixtis
496 1883 605 1958 vigens
622 1877 866 1957 illa'modalitaS,
884 1877 993 1958 quodsi
1011 1880 1164 1943 alterutra
1180 1895 1239 1962 par·

32 2011 40 2022 ⁴
91 1978 99 1990 ’
136 1990 208 2051 tium
227 1986 444 2051 RCatbolicam
462 1987 644 2066 profiteatur
660 1983 868 2069 religionem,
896 1988 1055 2070 copulatio
1072 2007 1131 2073 per
1148 2004 1240 2050 sacer·

134 2098 236 2160 dotem
254 2085 471 2158 RCathol-icum
489 2097 599 2176 peragi
617 2095 736 2168 soleat,
764 2103 1029 2176 emergentosque
1048 2115 1066 2156 e
1083 2095 1140 2156 tali
1156 2095 1242 2156 matri·

133 2204 233 2266 monio
250 2219 418 2284 processus
436 2202 619 2265 divortiales
645 2202 807 2265 exclusive
832 2220 889 2282 per
906 2201 1143 2266 Catholicorum
1160 2202 1241 2266 iorum

132 2311 380 2373 ecclesiasticum
398 2308 602 2386 decidantur,
629 2309 813 2372 adversatur
840 2308 1040 2392 dispositioni
1075 2317 1136 2373 art.
1155 2309 1201 2370 53.
1220 2327 1241 2369 a.

136 2419 231 2481 1791.
249 2426 339 2499 prout
357 2426 388 2480 et
404 2417 469 2500 legi
487 2418 583 2501 Appr.
604 2420 713 2481 Coust.
740 2417 771 2480 P.
787 2417 810 2482 1.
838 2417 885 2479 tit.
905 2419 934 2479 5.
962 2417 1054 2480 cuius
1071 2416 1242 2499 posterioris

134 2527 265 2589 articulo
283 2527 313 2588 3.
332 2530 495 2589 statuitur:
521 2529 633 2604 „unius
663 2525 829 2606 religionis
854 2524 993 2614 ¹parochi
1011 2526 1044 2587 in
1062 2525 1191 2588 alterius
1205 2524 1244 2586 oi-

130 2634 202 2725 ¹sicia
229 2653 264 2696 se
291 2651 354 2697 non
382 2635 576 2709 misceant;“
602 2633 735 2696 articulo
763 2639 864 2694 autem
891 2631 933 2692 4:
958 2633 1144 2711 „parochus
1171 2632 1245 2694 unius

132 2743 295 2824 religionis
312 2760 466 2822 personas
484 2743 612 2804 alterius
630 2741 797 2822 religionis
816 2761 874 2802 nec
894 2730 1056 2819 copulare,
1076 2741 1244 2803 necdivor·

133 2853 211 2913 liare
229 2848 439 2928 praesumat.“
465 2848 608 2911 Obiectio
633 2848 705 2924 illa,
734 2849 815 2928 quod
832 2848 1062 2909 matrimonium
1084 2849 1168 2911 inter
1183 2847 1248 2909 Pro·

134 2962 286 3017 testantes
305 2959 423 3018 nonsit
442 2956 696 3026 Sacramentum,
722 2956 802 3016 enati
832 2954 962 3033 proinde
990 2955 1110 3018 exinde
1127 2972 1246 3036 proces-

137 3080 191 3123 sus
209 3060 388 3124 divortiales
408 3079 512 3123 coram
530 3062 597 3124 loro
624 3062 840 3124 ecclesiastico
858 3061 1092 3126 catholicorum
1111 3065 1173 3125 sint
1189 3063 1247 3141 agi·

134 3167 239 3244 tandi,
267 3187 284 3229 e
311 3187 467 3231 converso
485 3169 731 3231 Protestuntibus
757 3171 823 3251 pari
848 3170 978 3231 inservit
996 3176 1203 3249 argument03
1225 3167 1247 3230 id

135 3279 228 3351 enim,
247 3276 328 3356 quod
345 3278 595 3339 Prolestantibus
613 3285 838 3339 sacramentum
857 3295 916 3340 non
936 3284 998 3354 est,
1015 3277 1248 3342 RCatbolicire-

133 3384 194 3446 lale
213 3384 250 3445 ad
269 3382 394 3445 cosdem
411 3402 467 3469 pro
488 3393 685 3449 sacramento
704 3386 873 3474 obtrudere
892 3404 955 3448 non
971 3395 1135 3466 possunt,
1153 3405 1186 3447 ac
1201 3402 1247 3467 per

134 3508 333 3572 consequens
351 3491 506 3570 copulatio
525 3480 554 3554 in
573 3495 674 3554 mixtis
687 3493 889 3554 matrimoniis
907 3493 1028 3573 absque
1063 3494 1246 3573 praeiudicio

133 3599 328 3678 aequalitatis
345 3600 457 3662 iurium
473 3608 673 3681 receptarum
691 3599 880 3680 religionum
898 3600 992 3661 aliter
1009 3604 1126 3683 peragi
1143 3602 1245 3682 nequit,

136 3725 227 3787 quam
245 3709 270 3768 si
286 3714 448 3786 utramque
466 3716 583 3789 partem
603 3742 640 3751 —-
660 3709 720 3770 huc
737 3708 1016 3793 intellectisnctiam
1035 3708 1152 3772 Graeci
1169 3711 1247 3771 Ritus

133 3833 195 3876 non
207 3849 225 3860 -
237 3814 331 3875 unitis
365 3847 408 3857 --
434 3832 509 3875 suae
539 3815 702 3896 religionis
722 3814 877 3895 parochus
895 3822 925 3875 et
942 3814 1029 3876 iuxta
1040 3820 1137 3880 ritum
1154 3820 1247 3880 cuius·

134 3924 180 3984 vis
203 3921 367 4003 religionis
385 3921 508 3984 vinculo
527 3924 728 3985 matrimoniis
745 3925 852 4001 iungat
863 3944 880 4007 ;Ι
896 3929 990 4002 prout
1006 3923 1079 3985 Rex
1096 3924 1246 4006 Belgarum

46 4100 48 4103 ⁸
132 4037 163 4091 et
180 4029 249 4092 Dux
266 4030 501 4093 Aurelianensis
518 4032 679 4112 praeclaro
705 4031 763 4092 hac
782 4031 811 4091 in
827 4051 862 4093 re
879 4031 1086 4112 praeiverunt
1105 4032 1244 4114 exemplo.

132 4135 220 4205 Quod
237 4144 337 4199 autem
355 4142 517 4201 concernit
533 4156 702 4219 processus
720 4137 903 4201 divortiales
924 4140 956 4200 in
974 4143 1083 4203 mixtis
1102 4143 1245 4202 matrimo·

130 4242 200 4313 niis,
218 4242 325 4306 borum
342 4247 453 4308 intuitu
470 4265 592 4326 quoque
611 4248 640 4308 in
659 4265 754 4309 sensu
774 4248 878 4309 clarae
894 4247 1004 4326 legum
1031 4229 1244 4330 dispositionis,

131 4335 226 4411 sanae
243 4351 315 4412 item
330 4354 479 4424 rationis,
508 4362 539 4415 et
558 4355 772 4417 distributivae
798 4354 933 4416 iustitiae
951 4357 1117 4436 principiis
1140 4357 1242 4418 cohae-

123 4463 237 4524 renter
253 4457 330 4522 nihil
348 4459 614 4526 aliuddesiderari
628 4470 744 4545 potest,
761 4481 850 4542 quam
868 4470 900 4525 ut
919 4463 998 4526 tales
1016 4481 1185 4546 processus
1195 4477 1239 4524 co·
