2798 4852
482 238 770 361 '-5‘ar-s

65 496 139 544 cum
148 481 237 557 omni
254 486 359 574 tamen
376 479 614 554 mansuetudine
634 481 804 559 inculcare,
822 482 967 566 quidnam
977 484 1064 561 viros
1076 489 1189 552 catho-

64 588 145 651 licos
162 585 201 649 de
217 573 413 652 institutione
430 575 628 662 matrimonii,
648 590 686 653 de
703 589 763 654 iine
780 589 870 665 illius,
890 592 1041 673 dignitate
1058 611 1114 675 per
1130 595 1190 660 ad·

65 697 161 760 dilam
178 713 196 756 a
213 695 337 759 Christo
354 695 484 759 Domino
502 701 691 762 sacramenti
707 701 859 763 rationem
877 694 989 781 nuptiis
1009 702 1188 778 conciliata,
1208 716 1211 725 ’

64 804 104 867 de
121 806 331 888 perpetuitate
347 804 472 878 vinculi,
491 804 736 888 obligationibus
753 809 825 870 item
844 811 1013 892 conjugum
1031 817 1093 872 tunr
1110 827 1188 893 erga
1296 801 1299 805 ’

63 910 262 997 seinvicem,
280 919 342 975 tum
362 929 440 995 erga
454 899 571 993 proles,
590 915 733 988 credere,
751 919 889 990 sentire,
908 910 943 980 e't
955 917 1027 980 iidei
1044 936 1185 982 morum·
1285 974 1288 980 .

64 1024 127 1105 quii
142 1019 263 1102 regulis
282 1021 512 1084 convenienter
538 1037 637 1105 agere
662 1029 825 1104 oporteat3
851 1043 912 1105 qua
938 1024 1031 1089 animi
1047 1043 1185 1111 praepa·
1256 1000 1259 1006 Ι

46 1117 190 1211 ,ratione
207 1131 360 1212 conjuges
378 1129 417 1190 ad
434 1131 620 1194 matrimonii
647 1139 875 1195 sacramentum
894 1133 989 1216 digne
1010 1135 1189 1216 suscipien-

61 1237 320 1310 dum'aocedera
333 1254 433 1317 quave
452 1238 543 1301 animi
559 1241 675 1320 pietate
693 1239 858 1321 augendae
878 1241 1092 1305 sanctificanti
1110 1228 1189 1324 gra·
1217 1317 1220 1321 ¹

64 1350 128 1410 tiae
144 1345 257 1409 intenti
274 1363 348 1408 esse
366 1343 513 1409 debeant.
539 1345 606 1409 llae
632 1363 729 1431 porro
757 1349 972 1413 institutiones
999 1369 1016 1412 e
1042 1351 1189 1432 genuinis

62 1454 203 1518 fontibus
219 1454 351 1517 haustae
370 1461 433 1517 tum
450 1454 481 1517 in
497 1455 717 1519 catechesibus
735 1463 766 1518 et
783 1459 882 1520 sacris
901 1457 1107 1532 sermonibus,
1124 1465 1189 1521 tum

30 1619 33 1624 .
63 1561 133 1626 aliis
169 1562 332 1643 quibusvis
364 1561 548 1644 opportunis
586 1565 806 1628 occasionibus
832 1583 869 1627 ea
898 1565 1081 1629 assiduitate
1113 1584 1190 1647 pro·
1253 1646 1256 1653 .

11 1696 15 1703 ·
64 1675 235 1753 ponantur,
250 1675 287 1733 -ut
302 1671 334 1733 in
349 1668 486 1733 fidelium
504 1670 614 1734 animis
631 1670 734 1734 firmas
756 1671 880 1737 radices
897 1680 1012 1754 agant,
1038 1675 1189 1755 ipsosque

60 1779 165 1865 probe
183 1779 319 1861 cognitis
337 1782 453 1843 sanctis
471 1780 696 1844 catholicorum
712 1784 881 1864 conjugum
892 1781 1004 1844 officiis
1023 1779 1062 1842 ad
1079 1781 1189 1844 eadem

62 1888 125 1952 rite
143 1886 299 1967 implenda
310 1903 430 1965 pronos
445 1886 668 1968 proclivaeque
684 1886 827 1951 reddant.
847 1889 915 1961 Quo
932 1891 978 1952 sic
994 1887 1065 1961 liat,
1083 1894 1116 1951 ut
1132 1904 1188 1949 ca-

44 1994 182 2069 tholici,
202 1999 349 2076 quant-um
365 1993 433 2057 lieri
449 2000 562 2074 potest,
580 2014 649 2057 cum
667 1996 829 2059 catholicis
848 1995 1043 2058 matrimonia
1059 2000 1190 2056 contra·

11 2136 16 2145 ·
61 2103 149 2176 bant,
168 2108 220 2164 ant
237 2108 357 2182 partem
369 2100 572 2165 acatholicam
588 2101 738 2184 religioni
755 2100 929 2165 catholicae
946 2099 1101 2164 demereri
1117 2106 1189 2163 stu·
1255 2087 1273 2098 '⁵

62 2213 168 2275 deant.
191 2207 260 2273 Diei
286 2208 367 2271 enim
383 2209 437 2272 vix
453 2216 577 2288 potest,
603 2214 751 2289 quantum
777 2207 815 2270 ad
840 2209 1024 2291 religiosam
1052 2207 1187 2291 prolium

42 2300 286 2401 'educationem
297 2320 443 2391 intersit,
471 2324 505 2381 ut
521 2324 670 2397 parentes
688 2315 829 2380 eamdem
845 2316 1032 2400 religionem
1051 2333 1190 2397 sequan-
1216 2372 1220 2377 .

55 2437 122 2506 tur,
140 2428 341 2508 quantaitem
358 2427 493 2488 occasio
501 2425 762 2488 indifferentismo
772 2424 926 2507 religioso
938 2423 1099 2499 afferatur,
1118 2423 1189 2486 dum
1229 2482 1231 2487 .

58 2515 215 2598 iueadem
223 2533 340 2596 familia
352 2530 423 2607 alia,
441 2539 535 2612 atque
546 2532 604 2593 alia
617 2538 666 2594 est
676 2539 849 2613 parentum,
861 2548 897 2591 ac
910 2529 1045 2610 prolium
1062 2529 1189 2612 religio·

152 2640 271 2716 Quodsi
288 2638 335 2703 his
361 2656 424 2701 non
449 2639 647 2702 obstantibus
664 2641 774 2722 sponsi
794 2636 940 2700 diversae
966 2638 1132 2720 religionis
1150 2635 1190 2700 ad
1277 2650 1284 2659 ‘

10 2828 15 2837 '
61 2748 236 2814 ineundum
253 2749 478 2812 matrimonium
490 2745 578 2811 vobis
591 2752 630 2810 ‘se
649 2748 803 2811 stiterint:
827 2747 959 2829 primum
971 2745 1095 2828 quidem
1106 2746 1187 2808 ultra

10 2883 17 2893 ·
55 2859 207 2940 ‚praevias
226 2855 388 2919 catholicis
400 2841 779 2936 omnibusimpendendas
794 2853 1184 2937 institutionesdiligenter
1252 2866 1259 2875 ·

12 3012 20 3063 ἱ-
62 2971 233 3029 moneatur
250 2981 323 3046 pars
340 2961 514 3035 catholica,
541 2970 575 3025 ut
591 2963 758 3025 intentioni
775 2962 932 3024 ecclesiae
956 2963 989 3023 in
1005 2960 1186 3041 praeallatis

10 3112 17 3119 -
59 3072 292 3145 manifestatae,
309 3072 402 3135 licitis
421 3070 580 3152 quibusvis
597 3070 697 3135 modis
724 3069 910 3132 salisfacere
928 3075 1082 3143 conetur3
1107 3060 1188 3132 alio·
1296 3077 1301 3090 '

60 3163 138 3266 quin
164 3183 191 3266 si
220 3178 369 3262 desponsi
386 3180 419 3241 in
435 3178 597 3261 proposito
615 3195 672 3242 suo
690 3177 919 3241 matrimonium
930 3173 1058 3238 ineundi
1074 3192 1188 3257 persa·

22 3288 25 3293 “
60 3295 213 3351 verenter
231 3289 434 3361 insisterent,
461 3305 521 3351 nee
536 3287 623 3350 firma
641 3287 679 3350 de
697 3285 837 3369 prolibus
859 3287 890 3346 in
907 3282 1062 3347 catholica
1079 3283 1191 3367 religi-

14 3399 126 3485 §ou'e
143 3395 315 3459 educandis
333 3395 504 3476 affulgeret
523 3413 608 3478 spes,
638 3395 779 3458 declaret
796 3392 966 3476 parochus,
985 3391 1185 3475 seanuptiis
1218 3401 1226 3455 j
1285 3474 1290 3484 Ι
1350 3442 1361 3451 ,

59 3502 354 3581 hisbenedicendis
367 3505 523 3568 ecclesiae
535 3492 707 3568 catholicae
718 3503 792 3584 lege
810 3510 839 3563 et
857 3502 998 3566 doctrina
1016 3499 1187 3584 prohiberi,
1238 3575 1241 3583 Ι

61 3631 264 3696 nequaquam
281 3620 382 3675 tamen
399 3613 541 3696 impediri
567 3614 623 3675 abs
640 3630 696 3685 se,
731 3613 896 3692 quominus
923 3611 1014 3673 iidem
1041 3607 1197 3693 desponsi
1299 3622 1314 3634 ·’

20 3794 25 3801 ,
63 3738 158 3786 suum
182 3723 214 3784 in
240 3720 494 3785 matrimonialem
522 3720 772 3805 conjunctionem
790 3738 982 3784 consensum
1003 3735 1107 3782 coram
1123 3715 1191 3796 ipso

33 3874 37 3882 -
62 3835 98 3894 et
117 3828 247 3902 duobus,
266 3829 317 3891 vel
334 3829 435 3891 tribus
452 3829 582 3892 testibus
594 3827 776 3900 declarare,
787 3829 909 3910 haeque
921 3828 1043 3890 ratione
1055 3812 1190 3886 validum
1215 3899 1220 3906 p

58 3941 212 4002 etratum
238 3936 466 4000 matrimonium
492 3935 572 4003 inire
599 3936 734 4020 possint.
760 3934 867 4000 Datum
895 3934 995 3999 Albae
1023 3931 1195 3998 carolinae
1223 3952 1228 3958 ·

58 4043 115 4108 dia
131 4044 187 4108 20.
204 4042 325 4129 Aprilis
339 4044 435 4109 1841.
452 4034 467 4039 ”
