2798 4860
564 220 988 362 ·-44o-Jg

180 463 263 540 legis
280 459 495 522 inhibitionem
507 459 731 522 catholicarum
747 441 950 538 personarum
968 458 1007 520 ad
1026 475 1120 521 sacra
1138 459 1283 541 evangeli

185 549 292 630 corum
327 564 513 628 allectiones
547 565 671 642 factae,
704 566 846 646 aliaeque
877 564 994 628 similes
1025 558 1284 647 transgressiones
1332 546 1334 559 ζ

54 674 79 713 ,·
182 670 336 734 admissae
362 677 456 741 sunt,
484 689 543 734 nec
559 678 661 733 tamen
683 689 810 751 usquam
828 671 1004 749 huiusmodi
1019 671 1186 754 religionis
1201 677 1286 735 statu·
1332 752 1334 760 Ι

19 812 22 817 -
96 825 100 831 -
180 785 284 842 torum
308 776 482 840 violatores
508 777 709 842 fundamento
735 777 888 860 suprafati
913 765 1035 842 articuli
1066 777 1136 839 14εΔ
1155 777 1247 841 tect.
1266 781 1288 841 in

37 864 41 873 „
165 902 309 974 'causam
334 864 485 956 attracti,¹
511 891 564 946 aut
599 903 721 968 poenae
753 885 885 949 articulo
920 885 974 950 illo
1000 884 1151 948 decretae
1174 884 1288 948 subiecti

185 985 333 1068 iderunt3
351 1010 411 1072 quo
428 994 525 1072 igitur
535 994 604 1056 iure
615 992 676 1055 soli
692 992 875 1055 sacerdotes
892 992 1036 1077 catholici
1053 980 1289 1056 benedictionem

183 1099 292 1164 inillis
310 1101 476 1169 mixtorum
492 1101 755 1162 matrimoniorum
777 1099 921 1172 casibus,
947 1097 1017 1161 dum
1035 1098 1214 1162 catholicae
1229 1115 1290 1179 pro·

181 1207 256 1268 lium
282 1204 460 1268 educationi
485 1206 661 1268 consultum
676 1223 737 1268 non
756 1212 823 1278 est,
851 1202 1085 1279 detrectantes,
1107 1218 1218 1268 verum
1233 1221 1287 1266 ma-

120 1326 131 1376 .·
181 1315 326 1377 trimouio
347 1311 471 1375 utillud
497 1310 630 1374 validum
650 1319 681 1401 et
703 1320 804 1375 ratum
821 1312 861 1373 sit
878 1307 1029 1389 assistere
1047 1312 1151 1395 parati
1168 1309 1289 1392 adeoque
1330 1372 1333 1377 ⁴

96 1431 102 1465 ³
181 1405 378 1500 nequaquam
396 1425 583 1482 statutorum
607 1419 773 1500 religionis
789 1418 962 1482 violatores
980 1418 1037 1480 sub
1054 1417 1190 1481 feralem
1214 1419 1290 1479 toties

182 1527 239 1590 lati
255 1526 387 1589 Articuli
404 1528 497 1589 ictum
514 1524 624 1587 subiici
640 1525 796 1606 possunt?
813 1525 886 1598 Quo.
897 1525 1020 1606 quidem
1037 1525 1181 1606 inaudito
1198 1527 1288 1606 rigore

137 1686 140 1691 .
182 1650 415 1715 poenarumque
432 1631 671 1712 infligendarum
682 1640 807 1696 terrore
818 1633 998 1715 saepefatos
1009 1628 1290 1697 Comitatussacros

99 1754 103 1764 ’
185 1739 340 1802 Curiones
358 1737 394 1799 ad
412 1745 520 1800 sancta
543 1738 593 1800 illa
618 1739 761 1810 vincula,
791 1735 904 1820 quibus
929 1737 1021 1803 iidem
1048 1738 1214 1801 Ecclesiae
1239 1735 1288 1798 da·

185 1843 325 1909 thelicae
342 1843 544 1926 Praesulique
563 1863 619 1908 suo
632 1845 862 1916 devinciuntur.
878 1844 1051 1928 rumpenda
1066 1860 1199 1928 cogere,
1215 1852 1289 1927 atque

186 1949 291 2028 adid,
309 1951 391 2030 quod
410 1953 603 2016 conscientia
621 1961 726 2025 vetat,
745 1953 901 2034 agendum
916 1952 1047 2016 flectere
1069 1951 1238 2016 contendit.
1329 2002 1334 2013 .

272 2058 460 2139 Quamquam
477 2077 553 2122 vero
570 2067 692 2123 teneam
712 2076 916 2143 persuasum,
939 2076 996 2123 eos
1014 2037 1122 2135 ab'eo,
1140 2045 1220 2140 quod
1235 2075 1306 2123 mar

66 2192 75 2201 ‘
185 2158 272 2228 neris
289 2166 382 2228 sacri·
398 2166 478 2227 ratio
497 2173 527 2227 et
544 2167 777 2237 conscientiae,
798 2170 885 2248 'quae
901 2184 964 2229 nec
980 2168 1064 2228 iuter
1082 2165 1288 2228 adversitatum

89 2310 92 2317 -
139 2263 142 2268 ’
184 2271 283 2334 undas
300 2273 474 2345 vacillabit,
492 2272 646 2339 dictamen
662 2272 815 2354 postulat,
833 2291 984 2352 nusquam
1002 2270 1202 2360 descituros,
1215 2278 1290 2352 atquc

185 2379 217 2439 in
233 2381 293 2455 iis,
312 2397 391 2460 quae
410 2380 584 2462 spiritualia
602 2387 694 2452 sunt,
712 2381 937 2443 ecclesiasticis
954 2379 1170 2443 sanctionibus
1188 2391 1310 2458 semper

184 2499 303 2548 morem
321 2503 392 2549 esse
418 2495 587 2568 gesturos:
612 2505 672 2568 quo
696 2495 805 2550 tamen
831 2487 927 2550 celeri
954 2486 1146 2568 (periculum
1173 2486 1292 2550 enimin

149 2672 154 2678 p
184 2595 290 2673 mora)
306 2593 475 2673 validoque
492 2593 578 2656 malis
595 2593 655 2665 bis,
673 2614 754 2675 quae
773 2593 882 2668 iisdem
901 2610 995 2656 causa
1013 2593 1191 2674 Religionis
1207 2591 1292 2652 sacri·

116 2781 120 2787 ι
184 2681 243 2779 que
269 2699 364 2762 cilicii
390 2703 567 2772 imminent,
596 2708 780 2763 occurratur
805 2701 964 2763 remedio:
997 2701 1209 2763 incumbentis
1233 2694 1291 2759 nili

184 2809 324 2868 muneris
341 2805 534 2887 Episcopalis
560 2815 665 2888 partes
691 2807 870 2889 postulant,
887 2814 920 2869 ut
934 2798 984 2868 ‘ad
1010 2806 1173 2869 tutandum
1190 2805 1294 2867 Clerun

175 2899 306 2985 ¹uncum,
331 2911 654 2995 propulsandumque,
681 2915 762 2995 quod
780 2913 880 2977 eidem
898 2921 1047 2994 paratur,
1075 2914 1222 2982 exitium,
1246 2909 1294 2969 be-

184 3022 399 3102 nignissimum
418 3029 449 3081 et
459 3024 704 3102 potentissimum
716 3022 785 3083 Mai.
796 3020 878 3083 Vrae
889 3018 1002 3084 SSmae
1019 3018 1210 3100 praesidium
1221 3021 1294 3078 tanto

166 3131 168 3136 ’
189 3128 310 3190 enixius
321 3114 815 3210 impensiusqueimplorem,quod
827 3128 919 3207 toties
930 3124 1299 3189 fatusComitatusdeter·

148 3283 151 3295 .
184 3234 341 3296 nationem
365 3253 451 3297 suam
477 3233 578 3296 modio
605 3234 831 3306 Currentalium
845 3233 964 3323 ubique
979 3232 1123 3295 locorum
1142 3234 1174 3295 iu
1186 3230 1297 3314 gremio

33 3427 36 3431 ἡ
186 3342 355 3405 Comitatus
373 3342 594 3423 divulgandam
620 3342 808 3404 decreverit.
834 3341 971 3412 llorror,
990 3340 1041 3421 qui
1060 3341 1195 3401 animum
1212 3353 1301 3400 meum

31 3518 33 3522 μ
100 3532 105 3537 ¹
186 3448 329 3530 perculit,
347 3449 509 3530 dolorque,
528 3452 582 3530 qui
599 3467 655 3512 cor
672 3466 773 3510 meum
789 3446 961 3520 exulcerat,
978 3461 1166 3526 omnemque
1184 3441 1295 3509 dicendi

147 3627 149 3631 Ι
186 3560 217 3615 et
233 3555 392 3617 scribendi
410 3558 470 3617 vim
488 3555 745 3637 supergreditur,
773 3572 836 3617 nou
855 3554 1005 3628 admittit,
1023 3560 1060 3614 ut
1075 3553 1184 3614 multis
1201 3550 1301 3613 adum·

184 3663 273 3724 brem
290 3663 414 3734 verbis,
442 3671 587 3742 quantum
606 3682 646 3724 ex
663 3663 722 3724 hac
738 3679 793 3741 per
810 3663 911 3723 omnia
928 3662 1067 3738 compita.
1089 3660 1232 3723 instituta
1247 3657 1297 3718 de-

68 3780 72 3789 ·
136 3762 137 3765 ’
186 3769 416 3832 terminationis
434 3771 650 3832 comitatensis
667 3768 903 3832 currentationc
914 3769 944 3828 in
960 3765 1222 3829 Ecclesiastioum
1238 3764 1301 3826 Sta·

119 3885 121 3888 ’
167 3883 249 3965 tum
266 3875 423 3946 dedecus,
452 3884 484 3938 et
509 3895 659 3957 nusquam
687 3874 853 3939 sarcienda
879 3875 1069 3956 ignominia,
1097 3891 1191 3953 quam
1215 3886 1300 3957 grave

65 4028 68 4033 -
176 3986 355 4060 „animarum
380 3985 573 4068 periculum,
599 3986 685 4065 pacis
712 3991 742 4045 et
774 3982 1007 4062 tranquillitatis
1032 3978 1197 4062 publicae,
1227 3991 1294 4059 quae

75 4109 77 4114 ·
184 4092 330 4155 inviolata
363 4094 563 4173 perstiterat,
599 4090 786 4163 discrimen,
816 4090 982 4169 qualisque
1009 4106 1141 4160 eorum,
1180 4098 1295 4168 quorum

184 4195 286 4260 medio
313 4197 444 4262 salutem
471 4198 642 4262 animarum
673 4199 824 4262 Dominus
852 4203 884 4259 et
912 4194 1057 4258 Salvator
1083 4201 1194 4257 noster
1211 4190 1295 4253 admi-

131 4316 137 4325 ”
160 4361 163 4369 ,
186 4307 314 4371 nistrari
330 4305 427 4375 voluit
444 4307 583 4390 (tripart
613 4306 644 4368 P.
662 4305 685 4369 1.
703 4314 724 4369 t.
741 4307 805 4382 2.),
830 4302 1041 4375 contumelia,
1072 4301 1294 4384 perniciosoque

116 4443 118 4451 ·
186 4396 336 4495 quidlibet
354 4396 486 4476 audendi
513 4412 689 4497 agendique
714 4413 843 4476 licentia
867 4410 1119 4493 promanabant;
1143 4399 1292 4473 Praesubs
