<?xml version="1.0" encoding="UTF-8"?>
<!DOCTYPE html PUBLIC "-//W3C//DTD XHTML 1.0 Transitional//EN"
    "http://www.w3.org/TR/xhtml1/DTD/xhtml1-transitional.dtd">
<html xmlns="http://www.w3.org/1999/xhtml" xml:lang="en" lang="en">
 <head>
  <title>
</title>
<meta http-equiv="Content-Type" content="text/html;charset=utf-8" />
  <meta name='ocr-system' content='tesseract 3.04.00' />
  <meta name='ocr-capabilities' content='ocr_page ocr_carea ocr_par ocr_line ocrx_word'/>
</head>
<body>
  <div class='ocr_page' id='page_1' title='image "./dematrimoniismi00roskgoog_0615.png"; bbox 0 0 2798 4852; ppageno 0'>
   <div class='ocr_carea' id='block_1_1' title="bbox 565 251 829 332">
    <p class='ocr_par' dir='ltr' id='par_1_1' title="bbox 565 251 829 332">
     <span class='ocr_line' id='line_1_1' title="bbox 565 251 829 332; baseline 0 -1"><span class='ocrx_word' id='word_1_1' title='bbox 565 274 622 318; x_wconf 55' lang='lat'><strong>&#39;-</strong></span> <span class='ocrx_word' id='word_1_2' title='bbox 665 251 829 332; x_wconf 68' lang='lat'><strong>532-</strong></span> 
     </span>
    </p>
   </div>
   <div class='ocr_carea' id='block_1_2' title="bbox 138 452 1261 538">
    <p class='ocr_par' dir='ltr' id='par_1_2' title="bbox 138 452 1261 538">
     <span class='ocr_line' id='line_1_2' title="bbox 138 452 1261 538; baseline -0.004 -17"><span class='ocrx_word' id='word_1_3' title='bbox 138 464 333 538; x_wconf 87' lang='lat' dir='ltr'><strong>praetensae</strong></span> <span class='ocrx_word' id='word_1_4' title='bbox 351 452 580 517; x_wconf 82' lang='lat' dir='ltr'><strong>communionis</strong></span> <span class='ocrx_word' id='word_1_5' title='bbox 596 470 664 515; x_wconf 90' lang='lat' dir='ltr'><strong>cum</strong></span> <span class='ocrx_word' id='word_1_6' title='bbox 681 471 721 515; x_wconf 90' lang='lat' dir='ltr'><strong>eo</strong></span> <span class='ocrx_word' id='word_1_7' title='bbox 737 452 822 515; x_wconf 85' lang='lat' dir='ltr'><strong>lotae</strong></span> <span class='ocrx_word' id='word_1_8' title='bbox 838 454 957 515; x_wconf 83' lang='lat' dir='ltr'><strong>crimen</strong></span> <span class='ocrx_word' id='word_1_9' title='bbox 974 458 1046 515; x_wconf 90' lang='lat' dir='ltr'><strong>actu</strong></span> <span class='ocrx_word' id='word_1_10' title='bbox 1062 454 1261 536; x_wconf 75' lang='lat' dir='ltr'><strong>professionis</strong></span> 
     </span>
    </p>
   </div>
   <div class='ocr_carea' id='block_1_3' title="bbox 40 551 1259 642">
    <p class='ocr_par' dir='ltr' id='par_1_3' title="bbox 40 551 1259 642">
     <span class='ocr_line' id='line_1_3' title="bbox 40 551 1259 642; baseline -0.003 -14"><span class='ocrx_word' id='word_1_11' title='bbox 40 601 49 611; x_wconf 34' lang='grc' dir='ltr'><strong>Α</strong></span> <span class='ocrx_word' id='word_1_12' title='bbox 136 563 210 629; x_wconf 80' lang='lat' dir='ltr'><strong>fidei</strong></span> <span class='ocrx_word' id='word_1_13' title='bbox 236 562 366 627; x_wconf 50' lang='lat' dir='ltr'><strong>solenni¹</strong></span> <span class='ocrx_word' id='word_1_14' title='bbox 384 561 494 642; x_wconf 92' lang='lat' dir='ltr'><strong>procul</strong></span> <span class='ocrx_word' id='word_1_15' title='bbox 507 577 581 622; x_wconf 88' lang='lat' dir='ltr'><strong>ase</strong></span> <span class='ocrx_word' id='word_1_16' title='bbox 597 557 810 641; x_wconf 89' lang='lat' dir='ltr'><strong>propulsandi.</strong></span> <span class='ocrx_word' id='word_1_17' title='bbox 830 551 965 621; x_wconf 86' lang='lat' dir='ltr'><strong>¹Interim</strong></span> <span class='ocrx_word' id='word_1_18' title='bbox 992 561 1124 625; x_wconf 84' lang='lat' dir='ltr'><strong>hisnon</strong></span> <span class='ocrx_word' id='word_1_19' title='bbox 1139 563 1259 634; x_wconf 83' lang='lat' dir='ltr'><strong>cautim,</strong></span> 
     </span>
    </p>
   </div>
   <div class='ocr_carea' id='block_1_4' title="bbox 71 663 1298 4516">
    <p class='ocr_par' dir='ltr' id='par_1_4' title="bbox 95 663 1298 2569">
     <span class='ocr_line' id='line_1_4' title="bbox 135 663 1258 751; baseline -0.003 -17"><span class='ocrx_word' id='word_1_20' title='bbox 135 688 237 751; x_wconf 82' lang='lat' dir='ltr'><strong>neque</strong></span> <span class='ocrx_word' id='word_1_21' title='bbox 254 669 373 744; x_wconf 89' lang='lat' dir='ltr'><strong>melior,</strong></span> <span class='ocrx_word' id='word_1_22' title='bbox 393 667 449 730; x_wconf 90' lang='lat' dir='ltr'><strong>sed</strong></span> <span class='ocrx_word' id='word_1_23' title='bbox 461 665 651 730; x_wconf 88' lang='lat' dir='ltr'><strong>audacioret</strong></span> <span class='ocrx_word' id='word_1_24' title='bbox 664 665 800 728; x_wconf 83' lang='lat' dir='ltr'><strong>deterior</strong></span> <span class='ocrx_word' id='word_1_25' title='bbox 816 663 970 742; x_wconf 91' lang='lat' dir='ltr'><strong>redditus,</strong></span> <span class='ocrx_word' id='word_1_26' title='bbox 989 683 1055 730; x_wconf 90' lang='lat' dir='ltr'><strong>non</strong></span> <span class='ocrx_word' id='word_1_27' title='bbox 1074 667 1121 729; x_wconf 89' lang='lat' dir='ltr'><strong>ita</strong></span> <span class='ocrx_word' id='word_1_28' title='bbox 1140 667 1258 749; x_wconf 90' lang='lat' dir='ltr'><strong>pridem,</strong></span> 
     </span>
     <span class='ocr_line' id='line_1_5' title="bbox 137 765 1261 858; baseline -0.004 -18"><span class='ocrx_word' id='word_1_29' title='bbox 137 777 186 840; x_wconf 91' lang='lat' dir='ltr'><strong>die</strong></span> <span class='ocrx_word' id='word_1_30' title='bbox 203 765 315 858; x_wconf 84' lang='lat' dir='ltr'><strong>quippe</strong></span> <span class='ocrx_word' id='word_1_31' title='bbox 333 774 388 843; x_wconf 75' lang='lat'><strong>15,</strong></span> <span class='ocrx_word' id='word_1_32' title='bbox 406 772 505 836; x_wconf 85' lang='lat' dir='ltr'><strong>Martii</strong></span> <span class='ocrx_word' id='word_1_33' title='bbox 522 774 553 837; x_wconf 90' lang='lat' dir='ltr'><strong>in</strong></span> <span class='ocrx_word' id='word_1_34' title='bbox 571 791 627 836; x_wconf 93' lang='lat' dir='ltr'><strong>sua</strong></span> <span class='ocrx_word' id='word_1_35' title='bbox 645 772 912 853; x_wconf 87' lang='lat' dir='ltr'><strong>reprotestatioue</strong></span> <span class='ocrx_word' id='word_1_36' title='bbox 934 772 1101 838; x_wconf 85' lang='lat' dir='ltr'><strong>Comitatui</strong></span> <span class='ocrx_word' id='word_1_37' title='bbox 1119 773 1261 837; x_wconf 88' lang='lat' dir='ltr'><strong>Pestiensi</strong></span> 
     </span>
     <span class='ocr_line' id='line_1_6' title="bbox 135 878 1260 967; baseline -0.002 -21"><span class='ocrx_word' id='word_1_38' title='bbox 135 885 288 957; x_wconf 86' lang='lat' dir='ltr'><strong>exhibita,</strong></span> <span class='ocrx_word' id='word_1_39' title='bbox 313 881 450 946; x_wconf 89' lang='lat' dir='ltr'><strong>inaudita</strong></span> <span class='ocrx_word' id='word_1_40' title='bbox 466 880 658 967; x_wconf 84' lang='lat' dir='ltr'><strong>insolentia,</strong></span> <span class='ocrx_word' id='word_1_41' title='bbox 677 879 861 961; x_wconf 88' lang='lat' dir='ltr'><strong>opinionum</strong></span> <span class='ocrx_word' id='word_1_42' title='bbox 879 878 1060 954; x_wconf 76' lang='lat' dir='ltr'><strong>dicacitate,</strong></span> <span class='ocrx_word' id='word_1_43' title='bbox 1078 883 1260 962; x_wconf 88' lang='lat' dir='ltr'><strong>propositio-</strong></span> 
     </span>
     <span class='ocr_line' id='line_1_7' title="bbox 135 980 1260 1075; baseline -0.002 -22"><span class='ocrx_word' id='word_1_44' title='bbox 135 997 206 1053; x_wconf 88' lang='lat' dir='ltr'><strong>rium</strong></span> <span class='ocrx_word' id='word_1_45' title='bbox 222 980 458 1052; x_wconf 72' lang='lat' dir='ltr'><strong>temerariarum</strong></span> <span class='ocrx_word' id='word_1_46' title='bbox 484 989 659 1068; x_wconf 83' lang='lat' dir='ltr'><strong>congerie,</strong></span> <span class='ocrx_word' id='word_1_47' title='bbox 690 991 897 1074; x_wconf 80' lang='lat' dir='ltr'><strong>conceptuum</strong></span> <span class='ocrx_word' id='word_1_48' title='bbox 920 987 1133 1075; x_wconf 81' lang='lat' dir='ltr'><strong>contusione,</strong></span> <span class='ocrx_word' id='word_1_49' title='bbox 1158 1004 1260 1051; x_wconf 88' lang='lat' dir='ltr'><strong>sensus</strong></span> 
     </span>
     <span class='ocr_line' id='line_1_8' title="bbox 136 1086 1260 1182; baseline 0 -24"><span class='ocrx_word' id='word_1_50' title='bbox 136 1095 165 1159; x_wconf 87' lang='lat' dir='ltr'><strong>S.</strong></span> <span class='ocrx_word' id='word_1_51' title='bbox 188 1095 368 1178; x_wconf 81' lang='lat' dir='ltr'><strong>Scripturas</strong></span> <span class='ocrx_word' id='word_1_52' title='bbox 385 1095 423 1157; x_wconf 90' lang='lat' dir='ltr'><strong>ad</strong></span> <span class='ocrx_word' id='word_1_53' title='bbox 440 1111 516 1158; x_wconf 88' lang='lat' dir='ltr'><strong>suos</strong></span> <span class='ocrx_word' id='word_1_54' title='bbox 528 1110 640 1167; x_wconf 89' lang='lat' dir='ltr'><strong>sensus</strong></span> <span class='ocrx_word' id='word_1_55' title='bbox 653 1091 848 1165; x_wconf 87' lang='lat' dir='ltr'><strong>detorsione,</strong></span> <span class='ocrx_word' id='word_1_56' title='bbox 865 1086 1076 1182; x_wconf 71' lang='lat' dir='ltr'><strong>et&#39;doctrirrae</strong></span> <span class='ocrx_word' id='word_1_57' title='bbox 1095 1095 1260 1161; x_wconf 87' lang='lat' dir='ltr'><strong>catholicae</strong></span> 
     </span>
     <span class='ocr_line' id='line_1_9' title="bbox 95 1201 1260 1286; baseline -0.002 -20"><span class='ocrx_word' id='word_1_58' title='bbox 95 1268 100 1278; x_wconf 73' lang='grc'>,</span> <span class='ocrx_word' id='word_1_59' title='bbox 137 1205 361 1286; x_wconf 89' lang='lat' dir='ltr'><strong>depravatione</strong></span> <span class='ocrx_word' id='word_1_60' title='bbox 378 1202 464 1265; x_wconf 89' lang='lat' dir='ltr'><strong>virus</strong></span> <span class='ocrx_word' id='word_1_61' title='bbox 482 1220 522 1264; x_wconf 87' lang='lat' dir='ltr'><strong>ex</strong></span> <span class='ocrx_word' id='word_1_62' title='bbox 539 1201 707 1264; x_wconf 90' lang='lat' dir='ltr'><strong>elementis</strong></span> <span class='ocrx_word' id='word_1_63' title='bbox 727 1201 900 1265; x_wconf 88' lang='lat' dir='ltr'><strong>haereticis</strong></span> <span class='ocrx_word' id='word_1_64' title='bbox 917 1210 950 1265; x_wconf 89' lang='lat' dir='ltr'><strong>et</strong></span> <span class='ocrx_word' id='word_1_65' title='bbox 965 1202 1177 1267; x_wconf 80' lang='lat' dir='ltr'><strong>schismaticis</strong></span> <span class='ocrx_word' id='word_1_66' title='bbox 1194 1220 1260 1266; x_wconf 90' lang='lat' dir='ltr'><strong>con-</strong></span> 
     </span>
     <span class='ocr_line' id='line_1_10' title="bbox 135 1308 1260 1390; baseline -0.001 -16"><span class='ocrx_word' id='word_1_67' title='bbox 135 1317 309 1375; x_wconf 84' lang='lat' dir='ltr'><strong>centratum</strong></span> <span class='ocrx_word' id='word_1_68' title='bbox 325 1315 356 1371; x_wconf 89' lang='lat' dir='ltr'><strong>et</strong></span> <span class='ocrx_word' id='word_1_69' title='bbox 372 1309 565 1372; x_wconf 90' lang='lat' dir='ltr'><strong>sublimatum</strong></span> <span class='ocrx_word' id='word_1_70' title='bbox 582 1325 652 1370; x_wconf 92' lang='lat' dir='ltr'><strong>cum</strong></span> <span class='ocrx_word' id='word_1_71' title='bbox 668 1308 788 1371; x_wconf 89' lang='lat' dir='ltr'><strong>viribus</strong></span> <span class='ocrx_word' id='word_1_72' title='bbox 804 1310 958 1384; x_wconf 79' lang='lat' dir='ltr'><strong>exeruit,</strong></span> <span class='ocrx_word' id='word_1_73' title='bbox 977 1308 1197 1390; x_wconf 88' lang='lat' dir='ltr'><strong>quod-tabulis</strong></span> <span class='ocrx_word' id='word_1_74' title='bbox 1210 1326 1260 1390; x_wconf 88' lang='lat' dir='ltr'><strong>pu-</strong></span> 
     </span>
     <span class='ocr_line' id='line_1_11' title="bbox 135 1395 1259 1503; baseline 0.002 -23"><span class='ocrx_word' id='word_1_75' title='bbox 135 1395 226 1481; x_wconf 87' lang='lat' dir='ltr'><strong>hlicis</strong></span> <span class='ocrx_word' id='word_1_76' title='bbox 243 1434 313 1479; x_wconf 89' lang='lat' dir='ltr'><strong>cum</strong></span> <span class='ocrx_word' id='word_1_77' title='bbox 329 1418 490 1497; x_wconf 87' lang='lat' dir='ltr'><strong>signatura</strong></span> <span class='ocrx_word' id='word_1_78' title='bbox 515 1416 564 1478; x_wconf 91' lang='lat' dir='ltr'><strong>sui</strong></span> <span class='ocrx_word' id='word_1_79' title='bbox 581 1422 612 1477; x_wconf 90' lang='lat' dir='ltr'><strong>et</strong></span> <span class='ocrx_word' id='word_1_80' title='bbox 628 1414 809 1488; x_wconf 89' lang='lat' dir='ltr'><strong>dioecesis,</strong></span> <span class='ocrx_word' id='word_1_81' title='bbox 827 1415 865 1479; x_wconf 90' lang='lat' dir='ltr'><strong>ad</strong></span> <span class='ocrx_word' id='word_1_82' title='bbox 883 1435 973 1497; x_wconf 88' lang='lat' dir='ltr'><strong>quam</strong></span> <span class='ocrx_word' id='word_1_83' title='bbox 990 1419 1153 1498; x_wconf 85' lang='lat' dir='ltr'><strong>pertinet,</strong></span> <span class='ocrx_word' id='word_1_84' title='bbox 1170 1421 1259 1503; x_wconf 87' lang='lat' dir='ltr'><strong>uomi-</strong></span> 
     </span>
     <span class='ocr_line' id='line_1_12' title="bbox 135 1507 1259 1606; baseline 0.001 -19"><span class='ocrx_word' id='word_1_85' title='bbox 135 1507 182 1588; x_wconf 90' lang='lat' dir='ltr'><strong>nis</strong></span> <span class='ocrx_word' id='word_1_86' title='bbox 200 1525 232 1586; x_wconf 91' lang='lat' dir='ltr'><strong>in</strong></span> <span class='ocrx_word' id='word_1_87' title='bbox 248 1528 427 1603; x_wconf 86' lang='lat' dir='ltr'><strong>perpetuam</strong></span> <span class='ocrx_word' id='word_1_88' title='bbox 444 1538 520 1584; x_wconf 87' lang='lat' dir='ltr'><strong>suae</strong></span> <span class='ocrx_word' id='word_1_89' title='bbox 537 1523 728 1602; x_wconf 79' lang='lat' dir='ltr'><strong>ignominiae</strong></span> <span class='ocrx_word' id='word_1_90' title='bbox 746 1570 753 1595; x_wconf 96' lang='lat'><strong>,</strong></span> <span class='ocrx_word' id='word_1_91' title='bbox 784 1521 921 1585; x_wconf 89' lang='lat' dir='ltr'><strong>omnium</strong></span> <span class='ocrx_word' id='word_1_92' title='bbox 937 1539 1013 1585; x_wconf 86' lang='lat' dir='ltr'><strong>vero</strong></span> <span class='ocrx_word' id='word_1_93' title='bbox 1031 1526 1136 1589; x_wconf 91' lang='lat' dir='ltr'><strong>nostri</strong></span> <span class='ocrx_word' id='word_1_94' title='bbox 1154 1529 1259 1606; x_wconf 86' lang='lat' dir='ltr'><strong>prosti-</strong></span> 
     </span>
     <span class='ocr_line' id='line_1_13' title="bbox 137 1623 1260 1715; baseline 0.002 -23"><span class='ocrx_word' id='word_1_95' title='bbox 137 1633 265 1695; x_wconf 88' lang='lat' dir='ltr'><strong>tutionis</strong></span> <span class='ocrx_word' id='word_1_96' title='bbox 290 1631 468 1692; x_wconf 88' lang='lat' dir='ltr'><strong>memoriam</strong></span> <span class='ocrx_word' id='word_1_97' title='bbox 493 1627 607 1691; x_wconf 85' lang='lat' dir='ltr'><strong>illatum</strong></span> <span class='ocrx_word' id='word_1_98' title='bbox 633 1645 705 1690; x_wconf 88' lang='lat' dir='ltr'><strong>esse</strong></span> <span class='ocrx_word' id='word_1_99' title='bbox 717 1623 801 1712; x_wconf 63' lang='lat' dir='ltr'><strong>{satis</strong></span> <span class='ocrx_word' id='word_1_100' title='bbox 818 1636 951 1696; x_wconf 90' lang='lat' dir='ltr'><strong>constat.</strong></span> <span class='ocrx_word' id='word_1_101' title='bbox 978 1629 1069 1692; x_wconf 89' lang='lat' dir='ltr'><strong>Haec</strong></span> <span class='ocrx_word' id='word_1_102' title='bbox 1089 1630 1162 1695; x_wconf 91' lang='lat' dir='ltr'><strong>dum</strong></span> <span class='ocrx_word' id='word_1_103' title='bbox 1182 1633 1260 1715; x_wconf 90' lang='lat' dir='ltr'><strong>paulo</strong></span> 
     </span>
     <span class='ocr_line' id='line_1_14' title="bbox 137 1727 1260 1816; baseline 0 -16"><span class='ocrx_word' id='word_1_104' title='bbox 137 1738 283 1800; x_wconf 87' lang='lat' dir='ltr'><strong>attentius</strong></span> <span class='ocrx_word' id='word_1_105' title='bbox 309 1736 519 1815; x_wconf 85' lang='lat' dir='ltr'><strong>pensitamus,</strong></span> <span class='ocrx_word' id='word_1_106' title='bbox 536 1753 586 1796; x_wconf 90' lang='lat' dir='ltr'><strong>ac·</strong></span> <span class='ocrx_word' id='word_1_107' title='bbox 600 1735 833 1816; x_wconf 80' lang='lat' dir='ltr'><strong>apud&#39;auimum</strong></span> <span class='ocrx_word' id='word_1_108' title='bbox 863 1727 1003 1800; x_wconf 89' lang='lat' dir='ltr'><strong>nostrum</strong></span> <span class='ocrx_word' id='word_1_109' title='bbox 1025 1738 1260 1816; x_wconf 85' lang='lat' dir='ltr'><strong>revolvimus,c</strong></span> 
     </span>
     <span class='ocr_line' id='line_1_15' title="bbox 135 1833 1261 1925; baseline 0.002 -20"><span class='ocrx_word' id='word_1_110' title='bbox 135 1851 224 1925; x_wconf 89' lang='lat' dir='ltr'><strong>parte</strong></span> <span class='ocrx_word' id='word_1_111' title='bbox 248 1840 372 1922; x_wconf 72' lang='lat' dir='ltr'><strong>quidem</strong></span> <span class='ocrx_word' id='word_1_112' title='bbox 396 1860 457 1905; x_wconf 91' lang='lat' dir='ltr'><strong>una</strong></span> <span class='ocrx_word' id='word_1_113' title='bbox 485 1844 859 1924; x_wconf 81' lang='lat' dir='ltr'><strong>crassam&#39;ignorantiam</strong></span> <span class='ocrx_word' id='word_1_114' title='bbox 875 1850 907 1906; x_wconf 92' lang='lat' dir='ltr'><strong>et</strong></span> <span class='ocrx_word' id='word_1_115' title='bbox 937 1844 970 1905; x_wconf 90' lang='lat' dir='ltr'><strong>iu</strong></span> <span class='ocrx_word' id='word_1_116' title='bbox 987 1846 1067 1925; x_wconf 89' lang='lat' dir='ltr'><strong>ipsis</strong></span> <span class='ocrx_word' id='word_1_117' title='bbox 1085 1833 1170 1909; x_wconf 89' lang='lat' dir='ltr'><strong>adeo</strong></span> <span class='ocrx_word' id='word_1_118' title='bbox 1185 1845 1261 1910; x_wconf 87' lang='lat' dir='ltr'><strong>rudi·</strong></span> 
     </span>
     <span class='ocr_line' id='line_1_16' title="bbox 136 1947 1260 2030; baseline -0.001 -16"><span class='ocrx_word' id='word_1_119' title='bbox 136 1949 251 2014; x_wconf 88' lang='lat' dir='ltr'><strong>mentis</strong></span> <span class='ocrx_word' id='word_1_120' title='bbox 265 1948 343 2027; x_wconf 51' lang='lat' dir='ltr'><strong>&#39;lidei</strong></span> <span class='ocrx_word' id='word_1_121' title='bbox 369 1948 532 2011; x_wconf 89' lang='lat' dir='ltr'><strong>ruditatem</strong></span> <span class='ocrx_word' id='word_1_122' title='bbox 558 1950 589 2010; x_wconf 89' lang='lat' dir='ltr'><strong>in</strong></span> <span class='ocrx_word' id='word_1_123' title='bbox 614 1947 784 2011; x_wconf 83' lang='lat' dir='ltr'><strong>Sacerdote</strong></span> <span class='ocrx_word' id='word_1_124' title='bbox 803 1949 993 2030; x_wconf 75' lang='lat' dir='ltr'><strong>catholico,</strong></span> <span class='ocrx_word' id='word_1_125' title='bbox 1015 1948 1196 2016; x_wconf 85' lang='lat' dir='ltr'><strong>cui&#39;datum</strong></span> <span class='ocrx_word' id='word_1_126' title='bbox 1221 1959 1260 2016; x_wconf 87' lang='lat' dir='ltr'><strong>est</strong></span> 
     </span>
     <span class='ocr_line' id='line_1_17' title="bbox 137 2048 1298 2149; baseline 0.003 -30"><span class='ocrx_word' id='word_1_127' title='bbox 137 2074 233 2122; x_wconf 89' lang='lat' dir='ltr'><strong>nosse</strong></span> <span class='ocrx_word' id='word_1_128' title='bbox 250 2058 397 2138; x_wconf 76' lang='lat' dir='ltr'><strong>mysteria</strong></span> <span class='ocrx_word' id='word_1_129' title='bbox 412 2055 511 2136; x_wconf 84' lang='lat' dir='ltr'><strong>Regni</strong></span> <span class='ocrx_word' id='word_1_130' title='bbox 527 2054 602 2129; x_wconf 90' lang='lat' dir='ltr'><strong>Dei,</strong></span> <span class='ocrx_word' id='word_1_131' title='bbox 620 2062 781 2137; x_wconf 91' lang='lat' dir='ltr'><strong>stupemus</strong></span> <span class='ocrx_word' id='word_1_132' title='bbox 792 2077 802 2133; x_wconf 83' lang='lat'>3</span> <span class='ocrx_word' id='word_1_133' title='bbox 815 2077 844 2119; x_wconf 83' lang='lat' dir='ltr'><strong>e</strong></span> <span class='ocrx_word' id='word_1_134' title='bbox 859 2065 948 2138; x_wconf 89' lang='lat' dir='ltr'><strong>parte</strong></span> <span class='ocrx_word' id='word_1_135' title='bbox 967 2077 1044 2122; x_wconf 87' lang='lat' dir='ltr'><strong>vero</strong></span> <span class='ocrx_word' id='word_1_136' title='bbox 1064 2048 1128 2124; x_wconf 75' lang='lat' dir='ltr'><strong>ah‘a</strong></span> <span class='ocrx_word' id='word_1_137' title='bbox 1149 2061 1261 2125; x_wconf 80' lang='lat' dir='ltr'><strong>nefaria</strong></span> <span class='ocrx_word' id='word_1_138' title='bbox 1295 2143 1298 2149; x_wconf 68' lang='lat'>‚</span> 
     </span>
     <span class='ocr_line' id='line_1_18' title="bbox 137 2161 1261 2247; baseline 0.004 -21"><span class='ocrx_word' id='word_1_139' title='bbox 137 2167 204 2226; x_wconf 92' lang='lat' dir='ltr'><strong>eius</strong></span> <span class='ocrx_word' id='word_1_140' title='bbox 221 2164 370 2234; x_wconf 88' lang='lat' dir='ltr'><strong>consilia,</strong></span> <span class='ocrx_word' id='word_1_141' title='bbox 395 2164 565 2225; x_wconf 86' lang='lat' dir='ltr'><strong>haereticis</strong></span> <span class='ocrx_word' id='word_1_142' title='bbox 581 2161 764 2227; x_wconf 78' lang='lat' dir='ltr'><strong>formalibus</strong></span> <span class='ocrx_word' id='word_1_143' title='bbox 780 2181 913 2245; x_wconf 89' lang='lat' dir='ltr'><strong>prorsus</strong></span> <span class='ocrx_word' id='word_1_144' title='bbox 930 2169 1083 2247; x_wconf 86' lang='lat' dir='ltr'><strong>propria,</strong></span> <span class='ocrx_word' id='word_1_145' title='bbox 1106 2167 1261 2232; x_wconf 86' lang='lat' dir='ltr'><strong>abomina-</strong></span> 
     </span>
     <span class='ocr_line' id='line_1_19' title="bbox 137 2252 1260 2354; baseline 0.008 -22"><span class='ocrx_word' id='word_1_146' title='bbox 137 2289 223 2343; x_wconf 84' lang='lat' dir='ltr'><strong>mur,</strong></span> <span class='ocrx_word' id='word_1_147' title='bbox 249 2271 460 2343; x_wconf 89' lang='lat' dir='ltr'><strong>detestamur,</strong></span> <span class='ocrx_word' id='word_1_148' title='bbox 487 2277 518 2331; x_wconf 88' lang='lat' dir='ltr'><strong>et</strong></span> <span class='ocrx_word' id='word_1_149' title='bbox 535 2252 731 2353; x_wconf 79' lang='lat' dir='ltr'><strong>erecramur,</strong></span> <span class='ocrx_word' id='word_1_150' title='bbox 748 2273 884 2354; x_wconf 91' lang='lat' dir='ltr'><strong>perculsi</strong></span> <span class='ocrx_word' id='word_1_151' title='bbox 902 2280 1004 2336; x_wconf 84' lang='lat' dir='ltr'><strong>autem</strong></span> <span class='ocrx_word' id='word_1_152' title='bbox 1021 2272 1147 2339; x_wconf 87' lang='lat' dir='ltr'><strong>dolore</strong></span> <span class='ocrx_word' id='word_1_153' title='bbox 1167 2276 1260 2340; x_wconf 85' lang='lat' dir='ltr'><strong>cordis</strong></span> 
     </span>
     <span class='ocr_line' id='line_1_20' title="bbox 137 2371 1260 2463; baseline 0.012 -23"><span class='ocrx_word' id='word_1_154' title='bbox 137 2371 330 2454; x_wconf 83' lang='lat' dir='ltr'><strong>intrinseco,</strong></span> <span class='ocrx_word' id='word_1_155' title='bbox 365 2377 535 2441; x_wconf 89' lang='lat' dir='ltr'><strong>discrimini</strong></span> <span class='ocrx_word' id='word_1_156' title='bbox 564 2378 676 2441; x_wconf 88' lang='lat' dir='ltr'><strong>salutis</strong></span> <span class='ocrx_word' id='word_1_157' title='bbox 707 2386 877 2459; x_wconf 81' lang='lat' dir='ltr'><strong>aeternae,</strong></span> <span class='ocrx_word' id='word_1_158' title='bbox 903 2381 934 2443; x_wconf 86' lang='lat' dir='ltr'><strong>in</strong></span> <span class='ocrx_word' id='word_1_159' title='bbox 951 2383 1034 2463; x_wconf 86' lang='lat' dir='ltr'><strong>quod</strong></span> <span class='ocrx_word' id='word_1_160' title='bbox 1065 2402 1102 2447; x_wconf 91' lang='lat' dir='ltr'><strong>se</strong></span> <span class='ocrx_word' id='word_1_161' title='bbox 1129 2386 1260 2453; x_wconf 73' lang='lat' dir='ltr'><strong>coniecit</strong></span> 
     </span>
     <span class='ocr_line' id='line_1_21' title="bbox 141 2483 666 2569; baseline 0 -24"><span class='ocrx_word' id='word_1_162' title='bbox 141 2483 232 2547; x_wconf 91' lang='lat' dir='ltr'><strong>altius</strong></span> <span class='ocrx_word' id='word_1_163' title='bbox 249 2483 502 2566; x_wconf 81' lang='lat' dir='ltr'><strong>ingemiscimus!</strong></span> <span class='ocrx_word' id='word_1_164' title='bbox 663 2563 666 2569; x_wconf 39' lang='lat'><strong>,</strong></span> 
     </span>
    </p>

    <p class='ocr_par' dir='ltr' id='par_1_5' title="bbox 71 2591 1259 4516">
     <span class='ocr_line' id='line_1_22' title="bbox 225 2591 1259 2685; baseline 0.007 -31"><span class='ocrx_word' id='word_1_165' title='bbox 225 2591 374 2671; x_wconf 82' lang='lat' dir='ltr'><strong>Equidem</strong></span> <span class='ocrx_word' id='word_1_166' title='bbox 401 2599 484 2654; x_wconf 90' lang='lat' dir='ltr'><strong>tanto</strong></span> <span class='ocrx_word' id='word_1_167' title='bbox 511 2596 603 2656; x_wconf 92' lang='lat' dir='ltr'><strong>animi</strong></span> <span class='ocrx_word' id='word_1_168' title='bbox 630 2613 773 2658; x_wconf 88' lang='lat' dir='ltr'><strong>moerore</strong></span> <span class='ocrx_word' id='word_1_169' title='bbox 799 2598 969 2678; x_wconf 89' lang='lat' dir='ltr'><strong>oppressis</strong></span> <span class='ocrx_word' id='word_1_170' title='bbox 1003 2599 1089 2662; x_wconf 92' lang='lat' dir='ltr'><strong>haud</strong></span> <span class='ocrx_word' id='word_1_171' title='bbox 1124 2604 1259 2685; x_wconf 83' lang='lat' dir='ltr'><strong>exiguum</strong></span> 
     </span>
     <span class='ocr_line' id='line_1_23' title="bbox 137 2698 1258 2790; baseline 0.011 -31"><span class='ocrx_word' id='word_1_172' title='bbox 137 2698 363 2763; x_wconf 89' lang='lat' dir='ltr'><strong>consolationis</strong></span> <span class='ocrx_word' id='word_1_173' title='bbox 388 2707 601 2780; x_wconf 89' lang='lat' dir='ltr'><strong>argumentum</strong></span> <span class='ocrx_word' id='word_1_174' title='bbox 626 2704 770 2783; x_wconf 86' lang='lat' dir='ltr'><strong>praebuit</strong></span> <span class='ocrx_word' id='word_1_175' title='bbox 796 2703 997 2769; x_wconf 72' lang='lat' dir='ltr'><strong>celsissimus</strong></span> <span class='ocrx_word' id='word_1_176' title='bbox 1024 2708 1182 2790; x_wconf 89' lang='lat' dir='ltr'><strong>Princeps</strong></span> <span class='ocrx_word' id='word_1_177' title='bbox 1207 2708 1258 2771; x_wconf 83' lang='lat' dir='ltr'><strong>Ar·</strong></span> 
     </span>
     <span class='ocr_line' id='line_1_24' title="bbox 137 2805 1257 2894; baseline 0.007 -26"><span class='ocrx_word' id='word_1_178' title='bbox 137 2807 285 2887; x_wconf 88' lang='lat' dir='ltr'><strong>chicppus</strong></span> <span class='ocrx_word' id='word_1_179' title='bbox 303 2812 333 2866; x_wconf 88' lang='lat' dir='ltr'><strong>ct</strong></span> <span class='ocrx_word' id='word_1_180' title='bbox 349 2805 467 2869; x_wconf 84' lang='lat' dir='ltr'><strong>Primus</strong></span> <span class='ocrx_word' id='word_1_181' title='bbox 484 2807 603 2890; x_wconf 88' lang='lat' dir='ltr'><strong>Regni,</strong></span> <span class='ocrx_word' id='word_1_182' title='bbox 629 2811 680 2888; x_wconf 85' lang='lat' dir='ltr'><strong>qui</strong></span> <span class='ocrx_word' id='word_1_183' title='bbox 698 2810 791 2873; x_wconf 70' lang='lat' dir='ltr'><strong>lilinum</strong></span> <span class='ocrx_word' id='word_1_184' title='bbox 809 2813 976 2894; x_wconf 84' lang='lat' dir='ltr'><strong>prodigum</strong></span> <span class='ocrx_word' id='word_1_185' title='bbox 993 2822 1134 2893; x_wconf 87' lang='lat' dir='ltr'><strong>paterno</strong></span> <span class='ocrx_word' id='word_1_186' title='bbox 1154 2816 1257 2880; x_wconf 87' lang='lat' dir='ltr'><strong>allecto</strong></span> 
     </span>
     <span class='ocr_line' id='line_1_25' title="bbox 136 2913 1258 2999; baseline 0.011 -22"><span class='ocrx_word' id='word_1_187' title='bbox 136 2913 315 2993; x_wconf 86' lang='lat' dir='ltr'><strong>complexus</strong></span> <span class='ocrx_word' id='word_1_188' title='bbox 331 2932 349 2974; x_wconf 91' lang='lat' dir='ltr'><strong>a</strong></span> <span class='ocrx_word' id='word_1_189' title='bbox 368 2915 414 2976; x_wconf 85' lang='lat' dir='ltr'><strong>via</strong></span> <span class='ocrx_word' id='word_1_190' title='bbox 432 2918 588 2996; x_wconf 85' lang='lat' dir='ltr'><strong>gentiuru,</strong></span> <span class='ocrx_word' id='word_1_191' title='bbox 613 2919 645 2981; x_wconf 91' lang='lat' dir='ltr'><strong>iu</strong></span> <span class='ocrx_word' id='word_1_192' title='bbox 663 2935 752 2998; x_wconf 87' lang='lat' dir='ltr'><strong>quam</strong></span> <span class='ocrx_word' id='word_1_193' title='bbox 770 2919 885 2993; x_wconf 84' lang='lat' dir='ltr'><strong>abivit,</strong></span> <span class='ocrx_word' id='word_1_194' title='bbox 920 2921 1129 2999; x_wconf 88' lang='lat' dir='ltr'><strong>abstrahere,</strong></span> <span class='ocrx_word' id='word_1_195' title='bbox 1148 2924 1185 2986; x_wconf 86' lang='lat' dir='ltr'><strong>ad</strong></span> <span class='ocrx_word' id='word_1_196' title='bbox 1200 2924 1258 2989; x_wconf 84' lang='lat' dir='ltr'><strong>fru-</strong></span> 
     </span>
     <span class='ocr_line' id='line_1_26' title="bbox 137 3022 1258 3111; baseline 0.01 -27"><span class='ocrx_word' id='word_1_197' title='bbox 137 3041 207 3105; x_wconf 84' lang='lat' dir='ltr'><strong>gem</strong></span> <span class='ocrx_word' id='word_1_198' title='bbox 225 3022 388 3096; x_wconf 87' lang='lat' dir='ltr'><strong>reducere,</strong></span> <span class='ocrx_word' id='word_1_199' title='bbox 407 3031 500 3104; x_wconf 90' lang='lat' dir='ltr'><strong>atque</strong></span> <span class='ocrx_word' id='word_1_200' title='bbox 517 3029 666 3109; x_wconf 85' lang='lat' dir='ltr'><strong>congruis</strong></span> <span class='ocrx_word' id='word_1_201' title='bbox 687 3028 810 3091; x_wconf 89' lang='lat' dir='ltr'><strong>monitis</strong></span> <span class='ocrx_word' id='word_1_202' title='bbox 827 3031 1017 3111; x_wconf 89' lang='lat' dir='ltr'><strong>et·impeusa</strong></span> <span class='ocrx_word' id='word_1_203' title='bbox 1036 3031 1258 3098; x_wconf 86' lang='lat' dir='ltr'><strong>doctrinaesa·</strong></span> 
     </span>
     <span class='ocr_line' id='line_1_27' title="bbox 135 3117 1258 3216; baseline 0.012 -28"><span class='ocrx_word' id='word_1_204' title='bbox 135 3128 243 3192; x_wconf 90' lang='lat' dir='ltr'><strong>lutaris</strong></span> <span class='ocrx_word' id='word_1_205' title='bbox 260 3117 412 3193; x_wconf 86' lang='lat' dir='ltr'><strong>medicina</strong></span> <span class='ocrx_word' id='word_1_206' title='bbox 429 3131 586 3194; x_wconf 87' lang='lat' dir='ltr'><strong>lethaliter</strong></span> <span class='ocrx_word' id='word_1_207' title='bbox 603 3151 731 3216; x_wconf 81' lang='lat' dir='ltr'><strong>aegrum</strong></span> <span class='ocrx_word' id='word_1_208' title='bbox 743 3153 919 3198; x_wconf 83' lang='lat' dir='ltr'><strong>consonare</strong></span> <span class='ocrx_word' id='word_1_209' title='bbox 931 3138 1014 3201; x_wconf 90' lang='lat' dir='ltr'><strong>omni</strong></span> <span class='ocrx_word' id='word_1_210' title='bbox 1039 3141 1170 3206; x_wconf 93' lang='lat' dir='ltr'><strong>meliori</strong></span> <span class='ocrx_word' id='word_1_211' title='bbox 1182 3139 1258 3205; x_wconf 92' lang='lat' dir='ltr'><strong>modo</strong></span> 
     </span>
     <span class='ocr_line' id='line_1_28' title="bbox 135 3235 1258 3331; baseline 0.011 -33"><span class='ocrx_word' id='word_1_212' title='bbox 135 3235 319 3299; x_wconf 89' lang='lat' dir='ltr'><strong>adlaborare</strong></span> <span class='ocrx_word' id='word_1_213' title='bbox 346 3238 490 3318; x_wconf 88' lang='lat' dir='ltr'><strong>dignatus</strong></span> <span class='ocrx_word' id='word_1_214' title='bbox 513 3246 560 3301; x_wconf 91' lang='lat' dir='ltr'><strong>est</strong></span> <span class='ocrx_word' id='word_1_215' title='bbox 572 3261 580 3314; x_wconf 91' lang='lat'>;</span> <span class='ocrx_word' id='word_1_216' title='bbox 608 3248 655 3302; x_wconf 90' lang='lat' dir='ltr'><strong>ast</strong></span> <span class='ocrx_word' id='word_1_217' title='bbox 678 3259 740 3304; x_wconf 88' lang='lat' dir='ltr'><strong>uon</strong></span> <span class='ocrx_word' id='word_1_218' title='bbox 758 3243 825 3304; x_wconf 91' lang='lat' dir='ltr'><strong>siue</strong></span> <span class='ocrx_word' id='word_1_219' title='bbox 842 3243 962 3307; x_wconf 85' lang='lat' dir='ltr'><strong>ruodica</strong></span> <span class='ocrx_word' id='word_1_220' title='bbox 982 3248 1079 3310; x_wconf 90' lang='lat' dir='ltr'><strong>animi</strong></span> <span class='ocrx_word' id='word_1_221' title='bbox 1098 3245 1258 3331; x_wconf 84' lang='lat' dir='ltr'><strong>perturba-</strong></span> 
     </span>
     <span class='ocr_line' id='line_1_29' title="bbox 135 3345 1259 3435; baseline 0.012 -31"><span class='ocrx_word' id='word_1_222' title='bbox 135 3345 219 3407; x_wconf 89' lang='lat' dir='ltr'><strong>tione</strong></span> <span class='ocrx_word' id='word_1_223' title='bbox 236 3346 460 3424; x_wconf 88' lang='lat' dir='ltr'><strong>comperimus,</strong></span> <span class='ocrx_word' id='word_1_224' title='bbox 489 3348 623 3427; x_wconf 85' lang='lat' dir='ltr'><strong>qualiter</strong></span> <span class='ocrx_word' id='word_1_225' title='bbox 642 3351 667 3410; x_wconf 94' lang='lat' dir='ltr'><strong>is</strong></span> <span class='ocrx_word' id='word_1_226' title='bbox 685 3352 827 3430; x_wconf 89' lang='lat' dir='ltr'><strong>paternis</strong></span> <span class='ocrx_word' id='word_1_227' title='bbox 846 3352 976 3415; x_wconf 91' lang='lat' dir='ltr'><strong>monitis</strong></span> <span class='ocrx_word' id='word_1_228' title='bbox 993 3355 1164 3435; x_wconf 88' lang='lat' dir='ltr'><strong>ingenium</strong></span> <span class='ocrx_word' id='word_1_229' title='bbox 1181 3356 1259 3419; x_wconf 87' lang='lat' dir='ltr'><strong>indo-</strong></span> 
     </span>
     <span class='ocr_line' id='line_1_30' title="bbox 135 3450 1258 3540; baseline 0.011 -29"><span class='ocrx_word' id='word_1_230' title='bbox 135 3450 205 3523; x_wconf 90' lang='lat' dir='ltr'><strong>cile,</strong></span> <span class='ocrx_word' id='word_1_231' title='bbox 223 3466 277 3513; x_wconf 91' lang='lat' dir='ltr'><strong>cor</strong></span> <span class='ocrx_word' id='word_1_232' title='bbox 293 3451 478 3526; x_wconf 88' lang='lat' dir='ltr'><strong>induratum,</strong></span> <span class='ocrx_word' id='word_1_233' title='bbox 498 3461 528 3515; x_wconf 89' lang='lat' dir='ltr'><strong>et</strong></span> <span class='ocrx_word' id='word_1_234' title='bbox 544 3455 739 3534; x_wconf 86' lang='lat' dir='ltr'><strong>pervicacem</strong></span> <span class='ocrx_word' id='word_1_235' title='bbox 758 3460 892 3520; x_wconf 84' lang='lat' dir='ltr'><strong>animum</strong></span> <span class='ocrx_word' id='word_1_236' title='bbox 911 3476 1088 3540; x_wconf 88' lang='lat' dir='ltr'><strong>opponens,</strong></span> <span class='ocrx_word' id='word_1_237' title='bbox 1108 3464 1258 3529; x_wconf 87' lang='lat' dir='ltr'><strong>haeretica</strong></span> 
     </span>
     <span class='ocr_line' id='line_1_31' title="bbox 134 3555 1259 3648; baseline 0.013 -32"><span class='ocrx_word' id='word_1_238' title='bbox 134 3555 245 3636; x_wconf 89' lang='lat' dir='ltr'><strong>placita</strong></span> <span class='ocrx_word' id='word_1_239' title='bbox 270 3558 301 3619; x_wconf 89' lang='lat' dir='ltr'><strong>iu</strong></span> <span class='ocrx_word' id='word_1_240' title='bbox 327 3559 437 3622; x_wconf 87' lang='lat' dir='ltr'><strong>faciem</strong></span> <span class='ocrx_word' id='word_1_241' title='bbox 466 3569 613 3625; x_wconf 91' lang='lat' dir='ltr'><strong>eructare</strong></span> <span class='ocrx_word' id='word_1_242' title='bbox 646 3581 707 3627; x_wconf 93' lang='lat' dir='ltr'><strong>nou</strong></span> <span class='ocrx_word' id='word_1_243' title='bbox 740 3567 919 3638; x_wconf 90' lang='lat' dir='ltr'><strong>erubuerit,</strong></span> <span class='ocrx_word' id='word_1_244' title='bbox 960 3583 1064 3647; x_wconf 85' lang='lat' dir='ltr'><strong>usque</strong></span> <span class='ocrx_word' id='word_1_245' title='bbox 1103 3571 1207 3648; x_wconf 87' lang='lat' dir='ltr'><strong>adeo,</strong></span> <span class='ocrx_word' id='word_1_246' title='bbox 1235 3577 1259 3632; x_wconf 89' lang='lat' dir='ltr'><strong>ut</strong></span> 
     </span>
     <span class='ocr_line' id='line_1_32' title="bbox 133 3664 1258 3760; baseline 0.014 -38"><span class='ocrx_word' id='word_1_247' title='bbox 133 3664 308 3726; x_wconf 90' lang='lat' dir='ltr'><strong>necessitas</strong></span> <span class='ocrx_word' id='word_1_248' title='bbox 336 3664 413 3728; x_wconf 83' lang='lat' dir='ltr'><strong>dum</strong></span> <span class='ocrx_word' id='word_1_249' title='bbox 431 3666 614 3748; x_wconf 86' lang='lat' dir='ltr'><strong>dignissimo</strong></span> <span class='ocrx_word' id='word_1_250' title='bbox 633 3679 663 3730; x_wconf 78' lang='lat' dir='ltr'><strong>ut</strong></span> <span class='ocrx_word' id='word_1_251' title='bbox 682 3672 843 3735; x_wconf 89' lang='lat' dir='ltr'><strong>mitissimo</strong></span> <span class='ocrx_word' id='word_1_252' title='bbox 861 3674 1100 3755; x_wconf 70' lang='lat' dir='ltr'><strong>archipraesuli</strong></span> <span class='ocrx_word' id='word_1_253' title='bbox 1128 3680 1258 3760; x_wconf 85' lang='lat' dir='ltr'><strong>imposita</strong></span> 
     </span>
     <span class='ocr_line' id='line_1_33' title="bbox 135 3767 1259 3862; baseline 0.02 -34"><span class='ocrx_word' id='word_1_254' title='bbox 135 3767 239 3842; x_wconf 81' lang='lat' dir='ltr'><strong>suerit,</strong></span> <span class='ocrx_word' id='word_1_255' title='bbox 255 3773 451 3862; x_wconf 88' lang='lat' dir='ltr'><strong>sacerdotem</strong></span> <span class='ocrx_word' id='word_1_256' title='bbox 465 3777 494 3836; x_wconf 93' lang='lat' dir='ltr'><strong>iu</strong></span> <span class='ocrx_word' id='word_1_257' title='bbox 507 3775 576 3839; x_wconf 84' lang='lat' dir='ltr'><strong>foro</strong></span> <span class='ocrx_word' id='word_1_258' title='bbox 595 3786 724 3856; x_wconf 88' lang='lat' dir='ltr'><strong>paterno</strong></span> <span class='ocrx_word' id='word_1_259' title='bbox 738 3788 899 3843; x_wconf 85' lang='lat' dir='ltr'><strong>rnarrsveto</strong></span> <span class='ocrx_word' id='word_1_260' title='bbox 917 3787 1172 3862; x_wconf 88' lang='lat' dir='ltr'><strong>utpcrvicacem</strong></span> <span class='ocrx_word' id='word_1_261' title='bbox 1195 3805 1259 3850; x_wconf 85' lang='lat' dir='ltr'><strong>cou-</strong></span> 
     </span>
     <span class='ocr_line' id='line_1_34' title="bbox 133 3877 1258 3959; baseline 0.02 -25"><span class='ocrx_word' id='word_1_262' title='bbox 133 3879 277 3939; x_wconf 90' lang='lat' dir='ltr'><strong>testatum</strong></span> <span class='ocrx_word' id='word_1_263' title='bbox 294 3877 373 3943; x_wconf 86' lang='lat' dir='ltr'><strong>Foro</strong></span> <span class='ocrx_word' id='word_1_264' title='bbox 398 3880 557 3958; x_wconf 87' lang='lat' dir='ltr'><strong>judiciali,</strong></span> <span class='ocrx_word' id='word_1_265' title='bbox 583 3884 762 3949; x_wconf 83' lang='lat' dir='ltr'><strong>Venerabili</strong></span> <span class='ocrx_word' id='word_1_266' title='bbox 780 3888 901 3950; x_wconf 89' lang='lat' dir='ltr'><strong>scilicet</strong></span> <span class='ocrx_word' id='word_1_267' title='bbox 920 3891 1130 3959; x_wconf 81' lang='lat' dir='ltr'><strong>Consistorio</strong></span> <span class='ocrx_word' id='word_1_268' title='bbox 1152 3894 1258 3958; x_wconf 82' lang='lat' dir='ltr'><strong>hietro-</strong></span> 
     </span>
     <span class='ocr_line' id='line_1_35' title="bbox 134 3981 1258 4075; baseline 0.02 -34"><span class='ocrx_word' id='word_1_269' title='bbox 134 3981 269 4059; x_wconf 90' lang='lat' dir='ltr'><strong>politano</strong></span> <span class='ocrx_word' id='word_1_270' title='bbox 296 3984 506 4067; x_wconf 80' lang='lat' dir='ltr'><strong>strigoniensi</strong></span> <span class='ocrx_word' id='word_1_271' title='bbox 534 3991 739 4069; x_wconf 62' lang='lat' dir='ltr'><strong>subrisionem</strong></span> <span class='ocrx_word' id='word_1_272' title='bbox 767 3997 798 4057; x_wconf 89' lang='lat' dir='ltr'><strong>iu</strong></span> <span class='ocrx_word' id='word_1_273' title='bbox 817 3995 965 4075; x_wconf 84' lang='lat' dir='ltr'><strong>quodum</strong></span> <span class='ocrx_word' id='word_1_274' title='bbox 993 4018 1135 4065; x_wconf 89' lang='lat' dir='ltr'><strong>censura</strong></span> <span class='ocrx_word' id='word_1_275' title='bbox 1165 4003 1258 4067; x_wconf 88' lang='lat' dir='ltr'><strong>ecclc·</strong></span> 
     </span>
     <span class='ocr_line' id='line_1_36' title="bbox 136 4087 1257 4185; baseline 0.031 -42"><span class='ocrx_word' id='word_1_276' title='bbox 136 4087 257 4152; x_wconf 89' lang='lat' dir='ltr'><strong>siastica</strong></span> <span class='ocrx_word' id='word_1_277' title='bbox 293 4095 377 4154; x_wconf 83' lang='lat' dir='ltr'><strong>iuxta</strong></span> <span class='ocrx_word' id='word_1_278' title='bbox 415 4094 466 4155; x_wconf 81' lang='lat' dir='ltr'><strong>SS.</strong></span> <span class='ocrx_word' id='word_1_279' title='bbox 504 4098 661 4162; x_wconf 81' lang='lat' dir='ltr'><strong>Canouuur</strong></span> <span class='ocrx_word' id='word_1_280' title='bbox 700 4105 892 4185; x_wconf 81' lang='lat' dir='ltr'><strong>exigentiam</strong></span> <span class='ocrx_word' id='word_1_281' title='bbox 925 4105 1103 4172; x_wconf 88' lang='lat' dir='ltr'><strong>innodatus</strong></span> <span class='ocrx_word' id='word_1_282' title='bbox 1138 4112 1257 4178; x_wconf 79' lang='lat' dir='ltr'><strong>ruisset.</strong></span> 
     </span>
     <span class='ocr_line' id='line_1_37' title="bbox 136 4199 1257 4292; baseline 0.021 -40"><span class='ocrx_word' id='word_1_283' title='bbox 136 4205 319 4279; x_wconf 81' lang='lat' dir='ltr'><strong>exspectare</strong></span> <span class='ocrx_word' id='word_1_284' title='bbox 344 4199 450 4276; x_wconf 88' lang='lat' dir='ltr'><strong>licuit,</strong></span> <span class='ocrx_word' id='word_1_285' title='bbox 483 4210 515 4264; x_wconf 92' lang='lat' dir='ltr'><strong>ut</strong></span> <span class='ocrx_word' id='word_1_286' title='bbox 552 4205 578 4266; x_wconf 92' lang='lat' dir='ltr'><strong>is</strong></span> <span class='ocrx_word' id='word_1_287' title='bbox 611 4224 730 4284; x_wconf 90' lang='lat' dir='ltr'><strong>poenae</strong></span> <span class='ocrx_word' id='word_1_288' title='bbox 762 4211 919 4291; x_wconf 86' lang='lat' dir='ltr'><strong>gravitate</strong></span> <span class='ocrx_word' id='word_1_289' title='bbox 953 4217 1103 4292; x_wconf 91' lang='lat' dir='ltr'><strong>percitus</strong></span> <span class='ocrx_word' id='word_1_290' title='bbox 1147 4219 1257 4282; x_wconf 86' lang='lat' dir='ltr'><strong>saniora</strong></span> 
     </span>
     <span class='ocr_line' id='line_1_38' title="bbox 137 4300 1257 4398; baseline 0.026 -44"><span class='ocrx_word' id='word_1_291' title='bbox 137 4300 262 4362; x_wconf 84' lang='lat' dir='ltr'><strong>consilia</strong></span> <span class='ocrx_word' id='word_1_292' title='bbox 280 4314 434 4383; x_wconf 88' lang='lat' dir='ltr'><strong>capessat,</strong></span> <span class='ocrx_word' id='word_1_293' title='bbox 452 4311 597 4372; x_wconf 89' lang='lat' dir='ltr'><strong>scandata</strong></span> <span class='ocrx_word' id='word_1_294' title='bbox 625 4330 681 4392; x_wconf 89' lang='lat' dir='ltr'><strong>pro</strong></span> <span class='ocrx_word' id='word_1_295' title='bbox 700 4316 817 4379; x_wconf 87' lang='lat' dir='ltr'><strong>viribus</strong></span> <span class='ocrx_word' id='word_1_296' title='bbox 836 4318 942 4390; x_wconf 87' lang='lat' dir='ltr'><strong>tollat,</strong></span> <span class='ocrx_word' id='word_1_297' title='bbox 961 4320 1155 4398; x_wconf 88' lang='lat' dir='ltr'><strong>palinodiam</strong></span> <span class='ocrx_word' id='word_1_298' title='bbox 1173 4320 1257 4388; x_wconf 87' lang='lat' dir='ltr'><strong>errori</strong></span> 
     </span>
     <span class='ocr_line' id='line_1_39' title="bbox 71 4409 1255 4516; baseline 0.024 -53"><span class='ocrx_word' id='word_1_299' title='bbox 71 4416 89 4435; x_wconf 86' lang='grc'><strong>··</strong></span> <span class='ocrx_word' id='word_1_300' title='bbox 137 4409 287 4478; x_wconf 78' lang='lat' dir='ltr'><strong>recantet,</strong></span> <span class='ocrx_word' id='word_1_301' title='bbox 305 4425 421 4490; x_wconf 78' lang='lat' dir='ltr'><strong>eosque</strong></span> <span class='ocrx_word' id='word_1_302' title='bbox 434 4417 524 4478; x_wconf 75' lang='lat' dir='ltr'><strong>‘viros</strong></span> <span class='ocrx_word' id='word_1_303' title='bbox 542 4424 602 4480; x_wconf 90' lang='lat' dir='ltr'><strong>tum</strong></span> <span class='ocrx_word' id='word_1_304' title='bbox 621 4424 796 4497; x_wconf 86' lang='lat' dir='ltr'><strong>sanctitate,</strong></span> <span class='ocrx_word' id='word_1_305' title='bbox 826 4431 887 4486; x_wconf 90' lang='lat' dir='ltr'><strong>tum</strong></span> <span class='ocrx_word' id='word_1_306' title='bbox 907 4426 1064 4510; x_wconf 85' lang='lat' dir='ltr'><strong>doctriua,</strong></span> <span class='ocrx_word' id='word_1_307' title='bbox 1082 4439 1147 4496; x_wconf 92' lang='lat' dir='ltr'><strong>tum</strong></span> <span class='ocrx_word' id='word_1_308' title='bbox 1166 4431 1255 4516; x_wconf 83' lang='lat' dir='ltr'><strong>digni·</strong></span> 
     </span>
    </p>
   </div>
   <div class='ocr_carea' id='block_1_5' title="bbox 0 0 1404 4852">
    <p class='ocr_par' dir='ltr' id='par_1_6' title="bbox 0 0 1404 4852">
     <span class='ocr_line' id='line_1_40' title="bbox 0 0 1404 4852; baseline 0 0"><span class='ocrx_word' id='word_1_309' title='bbox 0 0 1404 4852; x_wconf 95' lang='lat' dir='ltr'><strong> </strong></span> 
     </span>
    </p>
   </div>
  </div>
 </body>
</html>
