2798 4852
581 267 828 340 ..499-

133 456 296 522 cationem
312 459 486 539 proliumin
497 459 673 525 acatholica
690 459 895 528 confessione
912 463 1119 548 stipulandam
1136 493 1263 558 nequa-

134 581 231 647 quam
255 558 403 649 strihgit,
428 566 486 630 sed
509 565 540 629 id
558 566 709 631 duntaxat
725 567 826 632 eidem
843 574 1014 652 permittit,
1047 577 1262 649 multominus

132 669 297 754 principiis
313 673 478 738 catholicis
495 673 723 756 praeiudicare,
742 658 833 756 quam
849 680 1025 761 projectum
1040 698 1099 762 per
1114 685 1263 753 Tabulam

134 777 280 841 Statuam
306 796 343 841 oc
370 778 520 844 Ordinum
544 781 757 845 substratum:
780 785 831 845 cui
848 787 1079 864 proindesicut
1095 793 1182 872 prius
1198 812 1261 861 non

133 886 278 961 accessi,
295 885 339 948 ita
358 904 398 951 ne
416 905 499 952 nunc
518 888 642 968 quidem
659 905 786 973 possum
804 897 878 954 voto
898 910 968 957 meo
986 896 1149 961 accedere.

593 1052 813 1067 m

654 1212 743 1286 608.

130 1396 320 1455 Proiectum
341 1395 660 1470 Repraesentationis
682 1400 838 1457 adversus
854 1402 1044 1479 denegatam
1056 1419 1115 1477 per
1128 1405 1264 1465 Clarum

131 1487 339 1546 Catholicum
350 1490 445 1545 malr.
456 1490 633 1545 mixtorum
643 1489 904 1548 benedictionem
914 1492 956 1549 ad
966 1492 1103 1560 Regiam
1113 1494 1265 1553 Maiesta·'

133 1581 202 1637 tem
216 1579 436 1647 dimittendae,
444 1578 589 1636 ed’ahula
602 1581 750 1636 statuum
758 1581 800 1637 ad
809 1581 967 1642 'Pabulum
976 1583 1152 1645 Procerum
1162 1589 1264 1644 trans·

579 1670 724 1727 missum.
743 1670 835 1728 tata.

224 1831 441 1900 Sacratissima
466 1844 525 1900 etc.
556 1835 689 1901 Dissidia
712 1837 937 1919 religionnis,
954 1831 1158 1921 ‘gravissima
1185 1843 1263 1906 haec
1337 1888 1340 1898 .

132 1944 285 2022 temporis
299 1944 464 2025 praeteriti
489 1941 686 2017 maledictio,
712 1944 848 2006 Patriam
866 1961 989 2025 quoque
1006 1953 1147 2011 nostram
1164 1945 1263 2028 longa

133 2064 287 2113 annorum
305 2049 389 2112 serie
406 2048 511 2112 multis
528 2050 902 2135 sauciaruutaerumnis:
930 2050 985 2112 sed
1001 2052 1109 2132 purior
1141 2072 1262 2117 conce-

136 2163 211 2239 ptus
228 2156 357 2238 spiritus
373 2155 644 2219 mansuetissimae
659 2156 843 2239 Religionis,
861 2154 915 2221 leit
925 2159 999 2220 item
1012 2165 1044 2220 et
1061 2176 1147 2222 amor
1164 2159 1263 2224 iusti·
1367 2224 1371 2229 ,

135 2263 202 2326 tiae
230 2262 372 2343 Supremi
397 2261 518 2327 Terrae
542 2263 695 2346 Principis
723 2260 890 2348 fregerunt
913 2266 1144 2345 persecutionis
1163 2264 1262 2328 ardo·

131 2385 222 2441 rem,
250 2366 320 2429 odia
343 2367 427 2432 inter
453 2366 649 2433 diversarum
673 2368 864 2451 religionum
882 2368 1022 2434 asseclas
1038 2372 1154 2435 minuta
1170 2377 1263 2445 sunt,
1350 2415 1353 2420 -

131 2482 165 2538 et
190 2472 324 2539 fidenter
350 2482 518 2558 sperarunt
541 2477 665 2540 Patriae
692 2460 796 2551 cives,
815 2475 946 2559 provida
961 2476 1178 2559 legislativae
1196 2478 1262 2540 Po-

131 2583 259 2669 testatis
276 2581 485 2646 sollicitudine
501 2602 566 2645 rem
578 2600 615 2645 eo
627 2583 793 2646 deductum
811 2583 859 2656 iri,
876 2590 910 2645 ut
928 2570 1056 2663 quaevis
1074 2585 1263 2665 gravamina

132 2688 340 2770 religionaria
356 2687 564 2768 sufferantur,
591 2698 623 2753 et
639 2691 695 2753 suh
710 2690 872 2772 praesidio
889 2687 1050 2771 tutelaque
1067 2689 1173 2773 legum
1190 2707 1264 2769 pax,
1323 2680 1330 2697 ²

132 2797 364 2876 tranquillitas,
392 2796 507 2860 caritas
524 2797 607 2861 inter
624 2794 816 2878 Regnicolas
832 2795 1024 2870 revehatur,
1041 2794 1213 2878 taliterque
1230 2796 1263 2858 in

130 2903 230 2968 unitis
249 2900 363 2966 civium
380 2904 500 2972 viribus
518 2902 621 2966 Patria
638 2910 670 2966 et
685 2903 802 2985 inclyta
819 2909 850 2966 et
867 2920 1021 2983 prospera
1036 2902 1200 2967 reddatur.

222 2988 309 3071 luter
334 3008 391 3072 has
409 3024 482 3090 spes
499 3024 630 3087 prorsus
656 3010 911 3090 inexspectatae,
939 3015 972 3070 et
987 3009 1265 3079 iustumdolorem

131 3123 346 3201 provocantes
372 3122 461 3178 eraut
486 3117 547 3178 iam
572 3115 622 3176 vel
647 3115 719 3177 illae
750 3112 974 3194 dispositiones
1007 3114 1259 3186 ecclesiasticae,

115 3226 214 3305 ‘quas
229 3222 293 3286 hini
308 3223 412 3304 Regni
430 3223 595 3287 Praesules
615 3240 698 3286 anno
717 3220 974 3302 1839.areliquo
986 3220 1167 3284 Praesulum
1185 3238 1262 3307 cor-
1303 3212 1306 3217 ’

82 3402 85 3407 ⁴
132 3338 292 3412 peretum
309 3330 410 3394 adhuc
427 3331 576 3413 separati,
594 3312 661 3393 cum
678 3329 871 3411 praeiudicio
887 3327 982 3409 legis,
999 3328 1264 3406 reverentiaeque

132 3437 200 3520 legi
226 3437 352 3501 debitae
378 3438 555 3503 ediderunt.
581 3438 748 3522 signanter
778 3435 906 3517 Praesul
932 3435 983 3497 lat.
1016 3433 1096 3497 ritus
1122 3433 1261 3516 Magno-

133 3543 359 3609 Varadineusis
375 3545 426 3608 die
440 3544 490 3607 ta.
502 3543 603 3608 llartii
622 3543 719 3608 1839.
738 3542 908 3623 Epistulam
926 3539 1119 3622 encyclicam
1131 3539 1170 3602 ad
1181 3538 1264 3602 fide-

132 3651 183 3717 les
199 3667 274 3714 suos
291 3651 425 3722 dimisit,
442 3653 591 3734 incoque
608 3651 733 3715 docuit:
757 3649 933 3712 Ecclesiam
951 3647 1145 3712 catholicam
1161 3663 1262 3707 anna-

132 3759 285 3823 trimoniis
302 3758 407 3822 mixtis
420 3757 520 3821 -velut
545 3759 666 3820 animae
682 3756 870 3840 periculosis
889 3756 1085 3827 abhorrere,
1103 3755 1141 3815 ab
1157 3754 1264 3834 iisque
1371 3773 1373 3777 ·

133 3870 319 3945 constanter
335 3866 469 3929 alienam
485 3864 593 3937 luisse,
614 3864 814 3951 futuramque
833 3862 982 3945 deinceps
999 3858 1159 3934 alienaru3
1177 3862 1267 3919 matr.

132 3975 231 4036 mixta
246 3973 285 4034 ah
296 3971 444 4051 Ecclesia
461 3990 524 4037 non
545 3970 646 4037 solum
660 3959 828 4053 ¹numquam
844 3968 1028 4057 adprobata,
1045 3966 1103 4030 sed
1119 3962 1259 4047 positiva

130 4095 258 4160 quoque
274 4081 442 4159 reprobata
457 4079 566 4159 luisse,
584 4085 615 4141 et
630 4077 822 4160 Presbytero
845 4074 1007 4138 Catholico
1023 4074 1268 4152 integrum-non
1360 4128 1362 4133 .

116 4202 228 4259 esse,
253 4188 447 4250 matrimonia
464 4185 619 4250 eiusmodi
636 4187 729 4249 aliter
748 4181 952 4253 benedicere,
973 4197 1070 4262 quam
1088 4180 1115 4241 si
1132 4176 1264 4258 praevie

136 4290 341 4355 deoatholica
353 4295 486 4357 omnium
497 4291 631 4373 prolium
643 4291 830 4356 educatione
842 4289 953 4352 literae
964 4285 1144 4350 reversales
1156 4286 1267 4344 extra·
1367 4288 1373 4299 ’

133 4400 268 4477 dentur3
287 4399 422 4482 denique
439 4398 680 4464 henedictiones
697 4398 873 4478 nuptiarum
887 4390 1132 4459 mixtarumsine
1153 4400 1268 4452 rever-

1004 4524 1055 4580 32*
