2798 4852
578 253 820 331 -589-

130 448 250 521 video,
275 446 408 528 qualiter
433 464 489 530 per
519 447 602 510 illam
627 448 739 512 vulnus
766 446 972 540 quodcunque
989 446 1054 530 legi
1070 447 1189 528 patriae
1205 445 1290 529 per'

131 575 185 620 me
206 555 326 621 illatum
351 557 446 618 statui
472 553 597 635 possit?
620 554 666 618 Ne
692 573 782 619 unam
808 556 921 638 quippe
948 557 978 618 in
1007 572 1138 618 numero
1158 556 1263 636 legum

129 665 299 746 patriarum
327 661 608 747 deprehendimus,
634 680 714 742 quae
740 663 826 725 circa
853 662 932 737 ritus
959 678 1088 738 sacros,
1119 660 1260 723 velutad
1367 674 1376 701 ⁴

132 771 303 854 sphaeram
320 769 423 834 civilis
446 769 655 853 legislationis
682 770 806 834 minime
833 776 1032 850 spectantes,
1056 768 1256 851 disponeret:

134 877 177 943 de
195 878 244 943 his
259 878 424 960 hucusque
441 877 499 940 soii
515 877 661 960 Episcopi
677 880 849 942 secundum
864 895 1020 954 canonum
1031 877 1261 949 auctoritatem,
1377 937 1386 954 ,

134 986 167 1049 id
184 993 253 1060 cst,
270 984 309 1049 ad
325 1002 464 1050 normam
481 983 643 1049 Ecclesiae
659 985 841 1060 Romanae,
860 985 1084 1049 decernebant.
1112 1017 1146 1027 -
1172 984 1262 1060 Quod
1373 1060 1376 1065 .

87 1092 91 1099 ’
132 1091 271 1157 sollicite
287 1095 446 1166 caverim,
472 1112 511 1157 nc
528 1111 586 1176 per
610 1096 865 1167 constitutionem
890 1112 989 1157 meam
1006 1095 1036 1157 in
1055 1093 1161 1176 legem
1178 1092 1260 1156 civi-

132 1199 196 1264 lem
220 1199 405 1282 impingam,
440 1217 477 1262 eo
504 1199 681 1281 cumprimis
698 1199 930 1267 demonstravi:
965 1203 1055 1283 quia,
1082 1200 1156 1263 licet
1180 1199 1260 1263 bene
1321 1238 1325 1247 ,

133 1293 301 1384 sciverim,
329 1308 459 1371 artclum
486 1305 527 1369 57
545 1331 552 1370 ε
581 1304 675 1371 1791.
693 1310 764 1387 (oui
780 1307 914 1371 violatus
932 1325 1006 1369 esse
1022 1304 1260 1388 praetenditur)
1342 1294 1345 1299 ¹

133 1415 297 1499 principiis
313 1415 476 1485 Ecclesiae
501 1413 707 1480 RGatholicae
729 1406 843 1498 oppido
861 1415 1044 1488 adversari,
1060 1413 1134 1495 lege
1152 1421 1259 1477 autem
1311 1477 1313 1481 ι

132 1523 267 1605 Tripart.
294 1523 376 1588 Prot.
403 1525 449 1585 tit.
477 1523 529 1586 10.
548 1530 577 1598 s.
598 1522 626 1584 l.
649 1523 678 1584 2.
704 1521 836 1604 quodvis
861 1528 1010 1586 statutum
1029 1520 1119 1585 saluti
1137 1522 1257 1584 animae

132 1630 344 1712 periculosum
368 1630 485 1694 nullum
510 1649 553 1694 ac·
574 1632 693 1695 irritum
720 1645 791 1695 esse
818 1632 997 1694 enunciari:
1031 1631 1062 1693 in
1086 1628 1258 1710 Encpolica

135 1745 239 1801 tamen
256 1737 373 1801 diserte
390 1737 550 1801 declarato
569 1756 626 1816 eo,
652 1735 735 1819 quod
760 1738 892 1801 intentio
920 1755 988 1800 mea
1006 1738 1148 1814 nonsit,
1168 1736 1260 1818 quid-

133 1863 226 1928 quam
250 1845 375 1929 legibus
412 1844 556 1908 civilibus
584 1845 710 1908 adversi
739 1843 917 1920 statuendi,
952 1847 1100 1927 praecepi
1135 1844 1260 1908 Curatis

134 1940 233 2028 meis,
250 1960 283 2017 ut
298 1953 387 2035 leges
404 1951 548 2033 politicas
566 1959 596 2014 et
613 1953 843 2016 Auctoritatem
860 1950 981 2015 civilem
999 1953 1082 2014 omni
1098 1969 1259 2014 reveren-

134 2062 179 2125 tia
193 2068 444 2144 proseouantur,
470 2059 667 2140 debitamque
686 2058 899 2135 obedientiam
916 2065 1072 2122 testentur
1088 2061 1174 2121 iuxta
1193 2075 1259 2121 mo·
1351 2086 1358 2135 j

133 2171 231 2233 nitum
256 2167 427 2233 Salvatoris
444 2174 475 2230 et
493 2166 657 2249 Apostoli,
684 2187 720 2230 ac
737 2168 868 2250 proinde
894 2186 955 2231 nec
979 2164 1167 2229 Reversales
1186 2166 1272 2242 eni-¹

134 2284 212 2359 gant
237 2276 323 2340 velut
347 2278 380 2340 iu
404 2278 511 2365 patria·
530 2283 640 2339 nostra
666 2274 803 2356 alioquin
828 2278 911 2341 omni
938 2278 1049 2358 vigore
1065 2263 1257 2351 destitutas,

133 2402 194 2448 nec
211 2384 394 2448 catholicam
412 2383 635 2467 educationem,
655 2383 786 2466 prolium
804 2402 822 2446 e
845 2390 933 2445 matr.
951 2383 1056 2445 mixtis
1080 2380 1257 2462 importune
1349 2396 1354 2406 ’

135 2498 281 2576 urgeant.
309 2524 347 2537 -
372 2489 451 2556 Dum
468 2490 628 2575 disposui,
653 2496 686 2554 ut
702 2508 719 2552 a
736 2487 825 2571 parte
842 2489 998 2553 catholica
1014 2490 1145 2555 intentio
1164 2491 1255 2552 eius-

135 2601 206 2667 dem
222 2600 325 2681 quoad
340 2599 473 2681 prolium
491 2599 705 2662 educationem
722 2600 922 2680 exquiratur:
940 2597 1001 2662 hoo
1018 2600 1117 2679 ipsum
1134 2615 1171 2660 ea
1188 2616 1257 2661 cum

138 2708 264 2771 cautela
289 2706 455 2781 ordinavi,
475 2714 527 2781 ut,
552 2709 584 2770 in
609 2713 754 2788 quantum
779 2725 849 2777 curn
874 2704 1000 2786 legibus
1027 2703 1167 2767 civilibus
1195 2723 1260 2769 nou

135 2823 311 2899 pugnaret,
328 2832 401 2899 pars
419 2815 573 2880 catholica
589 2814 837 2895 ectennssolum
853 2812 1079 2896 interrogetur,
1098 2831 1137 2875 an
1154 2810 1258 2895 cupiat

136 2926 301 2987 universas
316 2924 422 3005 proles
434 2941 507 2987 suas
519 2924 675 2987 catholice
686 2922 841 2985 educari?
860 2938 921 3003 quo
938 2922 1069 2986 Curatur
1082 2920 1259 2991 animarum,
1319 2914 1322 2919 ’

136 3053 177 3098 ex
193 3030 382 3099 eiusdemde
393 3029 677 3098 solasalvihcafide
689 3030 897 3104 convictione,
914 3030 947 3091 iu
964 3026 1138 3109 eademque
1154 3026 1214 3089 fide
1227 3035 1259 3090 et
1290 3067 1293 3072 ,

136 3122 336 3209 convictione
346 3145 528 3203 constanter
547 3135 772 3221 perseverandi
789 3135 958 3215 voluntate,
976 3134 1181 3198 statumiltius
1192 3154 1259 3200 mo·
1310 3193 1313 3201 ,

134 3249 232 3313 ralem
240 3264 457 3331 cognoscere,
474 3253 506 3310 et
521 3264 582 3310 una
599 3244 748 3310 decidere
763 3241 887 3319 valeat,
913 3259 992 3327 num·
1010 3243 1078 3322 ipsa
1095 3240 1134 3303 ad
1152 3243 1256 3305 susci-

134 3353 717 3437 piendumlliatrimouiiSacramentum
729 3351 833 3415 debite
844 3348 1004 3430 disposita,
1016 3353 1047 3410 et
1058 3347 1142 3410 adea
1155 3350 1260 3413 omnia
1359 3379 1363 3384 -

137 3461 315 3547 qualificata
331 3464 392 3534 sit,
418 3457 678 3553 quae-Ecclesiae
701 3457 881 3541 Catholicae
891 3456 980 3539 leges
991 3455 1052 3519 hoc
1068 3456 1131 3545 ¹sub
1149 3456 1260 3521 obtutu

138 3569 320 3651 deposcunt.
338 3571 371 3634 ln
382 3560 504 3654 reliquo
516 3618 535 3646 „
549 3578 583 3635 ut
591 3568 765 3654 praemisi,
784 3586 844 3632 nec
859 3565 1047 3631 Reversales
1072 3566 1181 3648 erigi,
1201 3582 1260 3629 nec
1292 3648 1295 3652 Ι

136 3677 321 3742 catholicam
338 3678 469 3762 prolium
494 3679 629 3743 omnium
656 3675 878 3741 educationem
896 3675 1073 3762 importune
1090 3681 1142 3743 aut
1167 3672 1258 3754 plane

137 3785 279 3851 coactive
290 3789 398 3872 urgeri
414 3787 511 3867 volui,
527 3788 588 3855 imo
605 3772 856 3860 Districtualibus
870 3775 1180 3846 vicearchidiaconis
1199 3800 1260 3864 ope

136 3895 264 3967 aliarum
288 3894 488 3976 Circularium
513 3893 672 3975 commisi,
697 3900 730 3972 pt
754 3892 892 3975 praeviis
917 3890 1078 3967 ordinibus
1095 3889 1193 3962 meis,
1220 3906 1259 3952 ne

138 4003 261 4064 coactio
286 4002 347 4066 ulla
371 3995 580 4079 interveniat,
603 4002 742 4078 solerter
768 3999 942 4083 invigilent.
970 4032 1008 4043 -
1026 3997 1105 4062 llum
1121 3997 1257 4078 denique
1288 4050 1292 4057 .

139 4107 270 4172 Curuios
287 4128 325 4174 eo
355 4111 489 4183 inviavi,
516 4117 549 4173 ut
574 4109 684 4199 fideles
710 4124 786 4173 suos
803 4114 870 4170 tum·
884 4106 915 4168 in
932 4107 1032 4170 sacris
1050 4091 1258 4178 sermonibus,

97 4269 101 4273 ,
126 4216 287 4306 tum-aliis
304 4219 488 4301 opportunis
515 4217 732 4298 occasionibus
749 4232 884 4296 nervose
910 4215 1089 4291 instruant,
1113 4210 1259 4294 quidnam

140 4320 314 4405 Christiano
325 4358 344 4377 -.
356 4322 549 4406 Catholicum
565 4323 604 4386 de
622 4322 808 4387 matrimonii
825 4322 1042 4392 institutione,
1067 4319 1136 4395 fine,
1155 4320 1260 4402 digni·
1318 4380 1321 4386 .

132 4435 205 4521 tate
221 4429 457 4518 sacramentali,
474 4428 747 4519 indissolubilitate,
759 4428 904 4502 vinculi,
922 4427 1164 4517 obligationibus
1183 4430 1258 4496 item
