2798 4860
573 310 619 326 ·-
653 264 812 340 504-

124 475 252 557 quilibct
267 473 333 556 legi
350 473 432 536 cirili
450 470 634 551 obsequium
646 469 814 552 praestare
831 465 998 549 obligatur,
1020 479 1078 529 nec
1094 464 1225 549 integrm

125 583 268 661 cuiquam
285 587 334 642 est
350 579 454 662 legem
473 595 529 658 pro
546 577 676 646 arbitrio
692 576 817 656 impune
828 573 1044 655 interpretari.
1072 573 1130 648 oni
1146 574 1226 640 otlcia

123 689 227 753 Status
245 688 294 750 sui
312 706 381 757 cum
397 687 524 768 propria
541 685 743 748 convictione
760 664 952 763 componere
969 679 1081 760 nescit,
1107 682 1227 744 nuncium

123 793 221 857 mittat
238 810 296 857 sno
314 792 445 868 muneri,
466 808 523 854 nec
537 787 884 853 bniusanctoritatead
895 770 1227 871 iatri'agendamtegeu,

71 930 73 936 ·
123 898 433 980 labefactandumque
458 897 540 980 legis
564 897 777 959 reverentiam
794 902 918 971 utatur;
945 895 976 956 id
995 895 1112 966 sitiat,
1141 901 1224 957 status
1251 934 1253 941 ·

124 1006 240 1069 Publici
256 1008 401 1083 interest,
420 1005 556 1067 debitum
573 1005 639 1084 legi
664 1020 837 1084 procurare
855 1003 1051 1082 obsequium.
1079 1001 1226 1074 Quaecun-

125 1131 185 1192 que
204 1113 298 1194 igitur
316 1116 354 1174 sit
374 1108 732 1173 Praesulnm'couvictio
750 1127 786 1172 ae
805 1112 978 1171 sententia:
1007 1108 1148 1189 nuspiam
1163 1111 1227 1170 iute-

125 1236 216 1300 grum
234 1221 281 1282 eis
298 1220 353 1296 fnit
372 1218 550 1281 circulares
562 1216 728 1288 dimittere,
746 1216 901 1307 cumlege
913 1217 1046 1297 eiusque
1064 1229 1156 1276 sensu
1166 1215 1225 1275 bao-

125 1337 218 1413 tenns
235 1331 266 1391 in
283 1328 408 1392 dubium
425 1328 508 1390 band
527 1322 852 1409 vocato-pugnantes.
1030 1314 1033 1320 ⁵

213 1436 245 1498 si
272 1441 335 1500 iarn
358 1434 548 1516 Encyclicae
574 1434 801 1517 Episcopornm
828 1427 1089 1498 MVaradinensis
1116 1433 1223 1496 etllos-

124 1529 284 1607 noviensis
301 1544 405 1626 legum
424 1542 548 1608 lucrant
573 1542 885 1624 praevaricationes:
910 1542 1103 1624 Enoyclicae
1118 1542 1225 1603 'Prima-

122 1653 162 1715 tis
179 1659 397 1715 ceterorumve
414 1649 596 1712 Praesnlnm
614 1648 760 1725 prolecto
771 1650 900 1730 'grande
918 1657 1125 1729 etcommnue
1141 1647 1226 1710 elici*

125 1765 182 1820 unt
207 1757 467 1821 Constitutionale
494 1757 675 1819 Gravamen.
700 1755 779 1819 Nota
808 1764 876 1820 erat
902 1754 950 1819 lris
975 1755 1147 1819 Maiestatis
1162 1750 1222 1812 l'rae

31 1879 39 1895 ‘
128 1858 292 1929 Resolutio
308 1864 346 1927 de
362 1863 416 1926 27.
434 1865 532 1946 April.
555 1862 650 1926 1839.
669 1863 773 1941 edita3
799 1871 872 1926 nota
882 1866 1001 1943 pariter
1018 1862 1184 1942 communis
1197 1875 1223 1920 ea

93 2047 100 2058 ι
126 1970 317 2054 improbatio
336 1989 535 2045 accensura,
555 1988 645 2052 quam
657 1971 837 2034 circulares
847 1971 1005 2052 Eppornm
1018 1968 1223 2034 MVaradinem

126 2080 169 2139 sis
187 2085 216 2140 et
244 2074 470 2142 Rosnaviensis
498 2079 578 2158 apud
605 2094 713 2141 omnes
737 2077 839 2159 Regni
865 2075 1111 2140 turisdtenones
1127 2073 1225 2144 tulere3

22 2240 25 2246 .
126 2191 200 2246 nota
220 2184 355 2265 denique
372 2185 578 2248 exacerbatio
597 2186 789 2255 animorum,
808 2184 936 2262 quaein
953 2183 1116 2258 prioribus
1139 2177 1223 2241 Comi·

124 2291 177 2353 tiis
194 2292 363 2355 occasione
382 2272 632 2371 pertractationis
650 2291 757 2354 harum
775 2289 974 2353 circularium
994 2306 1067 2351 sese
1091 2293 1227 2350 monstra-

126 2399 263 2469 vit,et‚e
279 2418 340 2479 qua
368 2402 495 2480 praevio
521 2399 677 2480 colligere
693 2399 797 2472 licuit,
832 2406 1028 2480 quantopere
1056 2392 1227 2458 exulceratio

50 2532 53 2537 ·
125 2506 214 2581 baec,
233 2508 260 2567 si
276 2505 356 2568 lacta
374 2507 516 2569 binorum
534 2507 715 2569 Praesulum
733 2509 829 2569 ceteri
848 2523 904 2568 sua
920 2502 1079 2577 facerint,
1106 2498 1228 2584 augenda

127 2615 185 2688 sit;
203 2612 250 2675 his
270 2621 370 2674 tamen
396 2614 436 2675 nil
454 2613 667 2685 obstantibus,
694 2632 796 2692 neque
823 2619 943 2674 attenta
971 2609 1141 2674 Maiestatis
1165 2608 1229 2669 Vrao

125 2716 340 2791 Resolutione,
367 2721 602 2799 insuperbabita
629 2720 868 2800 Regnicolarom
887 2721 1057 2790 anxietate,
1084 2716 1230 2798 perturba-

46 2816 49 2821 ’
127 2828 213 2888 tione
231 2828 302 2887 item
320 2829 406 2904 pacis
425 2827 630 2897 domesticae,
649 2826 779 2905 aliisque
792 2824 904 2888 amaris
921 2823 1074 2906 sequelis,
1092 2825 1158 2885 ausi
1174 2825 1229 2882 sunt

127 2930 200 2992 ‹licti
217 2932 350 2992 Praelati
368 2934 655 3014 transgressionem
672 2935 753 3014 legis
771 2934 931 3012 prosequi,
958 2949 1057 3010 seque
1076 2949 1168 3011 supra
1184 2928 1232 2988 be-

127 3035 301 3117 gislativam
320 3038 507 3102 Potestatcm
526 3039 687 3103 efferendo
704 3042 734 3101 in
748 3041 840 3101 talem
860 3046 958 3102 semet
970 3039 1129 3101 collocare
1147 3039 1231 3101 situm

127 3163 144 3202 c
162 3162 222 3222 qno
240 3148 373 3207 omnium
391 3146 493 3209 Status
509 3148 699 3210 relationum
736 3146 981 3210 convulsionem
1010 3147 1159 3226 subsequi
1191 3160 1236 3202 ue-

128 3268 251 3311 cessnm
270 3258 329 3312 est.
355 3253 420 3313 Hoc
438 3253 508 3314 loco
528 3271 633 3313 coram
651 3253 815 3315 Maiestate
827 3254 888 3314 Vra
906 3250 1039 3313 candide
1056 3252 1235 3332 profitemur,

127 3373 234 3434 pacem
252 3360 404 3439 publicam
423 3368 454 3421 et
471 3362 663 3423 harmoniam
682 3363 764 3423 inter
782 3359 997 3422 Proteatantes
1024 3366 1053 3421 et
1073 3360 1236 3421 Catholioos

127 3463 249 3525 Patriae
268 3461 371 3538 cives,
391 3474 435 3526 tot
452 3466 615 3528 sacrificiis
628 3446 804 3547 ,tantaque
819 3467 982 3547 sanguinis
1001 3467 1159 3529 allusione
1175 3483 1236 3547 par·

40 3574 44 3587 “
128 3577 187 3629 tam
206 3579 237 3631 et
254 3588 312 3632 usn
339 3571 484 3635 diuturno
512 3575 693 3636 roboratam
715 3577 746 3636 in
766 3592 876 3634 vanum
896 3589 1079 3637 cessuram:
1108 3576 1134 3635 si
1160 3573 1237 3635 Claro

127 3674 285 3740 Catholico
303 3681 461 3759 integrum
479 3681 628 3742 manserit
647 3683 702 3742 snb
719 3688 884 3761 praetextu
909 3680 1058 3762 propriae
1076 3680 1236 3742 convictio·

124 3784 173 3842 nis
192 3802 227 3844 ae
246 3785 425 3865 dogmatum
442 3787 534 3868 leges
553 3788 776 3868 religionarias
795 3789 994 3868 infringere,
1020 3792 1051 3848 et
1080 3796 1237 3849 extraneae

125 3888 294 3953 Potestatis
314 3893 455 3954 mandata
474 3894 598 3976 legibus
625 3895 746 3957 Patriae
774 3911 981 3976 praeponere.
1009 3894 1127 3958 lterato
1144 3891 1237 3954 decla·

125 4011 238 4068 ramus‚
256 4000 391 4077 pessime
409 4002 584 4062 consultum
601 4001 670 4065 lore
688 4002 900 4084 Reipublicae,
919 4004 946 4062 si
963 4001 1111 4063 Maiestas
1128 4002 1186 4063 Vra
1202 3997 1236 4058 si-

128 4097 214 4160 miles
232 4099 314 4164 Cleri
332 4104 483 4168 Catholici
502 4125 595 4169 ausus
608 4109 780 4171 efficaciter
797 4108 876 4170 band
893 4114 1100 4190 represserit.
1127 4110 1157 4173 Si
1174 4104 1235 4167 enin

127 4207 225 4265 semel
252 4211 467 4290 concedatur,
495 4212 576 4293 legis
603 4213 840 4296 dispositionem
866 4222 932 4276 tuto
958 4216 1129 4294 praeteriri
1147 4228 1233 4296 posse.

129 4315 349 4392 quamprimum
376 4317 406 4377 id
433 4321 647 4383 conscientiae
672 4323 818 4402 propriae
845 4323 1002 4385 convictio
1032 4330 1086 4397 aut
1111 4318 1226 4384 Romani

127 4413 286 4480 Pontificis
303 4418 404 4486 Breve
421 4425 634 4508 praecipiunt:
667 4429 757 4509 lapsu
774 4430 921 4508 temporis
939 4427 1055 4492 eodem
1075 4430 1131 4492 snb
1148 4439 1230 4507 prae·
