2798 4852
514 254 842 363 4482:

109 489 112 492 ·
135 454 337 519 matrimoniis
353 467 433 533 pure
450 448 617 513 catholicis
633 449 848 527 intellexerim
864 431 962 529 po'rro
974 449 1059 530 quod
1078 449 1173 513 mixta
1187 465 1245 511 ma·

136 562 282 627 trimonia
308 577 408 638 usque
435 566 577 639 tempora
594 556 697 621 Caroli
723 557 753 617 6.
772 537 931 637 ἰηῚίθςιιο
958 576 1023 621 non
1042 556 1170 637 quidem
1184 556 1247 638 lege

135 668 243 748 patria,
262 665 319 729 sed
336 683 395 729 usu
408 664 576 727 ‘Ecclesiae
594 665 749 726 communi
762 663 932 746 prohibitu,
951 663 1044 727 subin
1064 680 1249 744 verensque

53 812 56 819 .
135 781 275 855 tempora
291 773 421 854 Josephi
437 772 468 834 2.
484 789 546 834 non
563 772 654 833 aliter
670 788 761 850 quarn
782 787 879 850 penes
896 769 1032 833 validam
1049 768 1088 833 de
1106 769 1250 834 catholica

135 883 270 944 omnium
287 879 421 958 prolium
438 877 626 941 educatione
644 880 789 959 scriptam
816 873 995 948 cautionem
1011 876 1173 960 permissa
1188 877 1251 940 lue·

134 989 215 1062 rint3
242 985 377 1066 denique
394 983 477 1064 quod
495 1003 522 1046 a.
544 983 637 1046 1791.
656 991 715 1047 art.
734 983 787 1048 23.
814 990 962 1047 statutum
979 984 1096 1047 fuerit:
1124 1003 1166 1047 ne
1181 987 1251 1048 mia-

134 1095 180 1154 tis-
192 1099 280 1154 matr.
297 1109 488 1172 quocunque
504 1090 561 1153 suh
588 1097 757 1170 praetextu
771 1089 991 1171 impedimenta
1017 1099 1199 1174 ponanturJ
1222 1110 1253 1154 ue

137 1200 277 1281 quamvis
295 1197 403 1260 Codex
421 1195 527 1260 Civilis
550 1197 736 1261 Austriacus
752 1214 809 1278 pro
835 1195 1055 1261 haereditariis
1078 1199 1252 1281 provinciis,

134 1304 187 1366 lex
206 1322 284 1367 vero
301 1303 463 1384 praedicta
480 1321 537 1383 pro
554 1303 714 1382 Hungaria
731 1305 828 1365 mixta
845 1303 1044 1367 matrimonia
1062 1299 1190 1385 semper
1202 1321 1252 1368 eo·

136 1429 201 1474 ram
218 1410 358 1493 parocho
375 1410 531 1474 catholico
547 1412 618 1473 iniri
636 1409 801 1492 disponat,
829 1411 854 1472 si
871 1416 975 1471 tamen
991 1401 1104 1474 coram
1122 1411 1253 1475 ministro

136 1517 311 1580 acatholico
327 1513 492 1589 xineantur,
510 1521 622 1596 ea'per
638 1532 825 1598 expressum
843 1515 927 1579 haud
944 1519 1070 1594 irritet;
1097 1517 1253 1598 signanter

119 1622 206 1702 ¹dnm
222 1627 254 1686 in
270 1623 491 1685 haereditariis
507 1623 676 1704 provinciis
687 1625 749 1685 tale
762 1604 990 1687 matrimonium
1007 1641 1119 1689 coram
1136 1631 1252 1708 pastore

131 1730 309 1793 'acatholico
327 1730 471 1791 contrahi
488 1731 631 1810 contigit,
649 1728 725 1791 illud
740 1729 941 1793 fundamento
958 1729 1024 1802 illc,
1051 1731 1141 1810 quod
1157 1731 1209 1794 lex
1222 1730 1252 1793 de

133 1814 307 1903 irritatione
323 1835 365 1896 nil
382 1841 550 1906 memoret,
576 1837 654 1898 eitra
683 1835 813 1913 parochi
830 1835 978 1899 catholici
993 1838 1253 1918 recopulationen

135 1940 311 2025 prevalido
324 1939 515 2004 declaratum
527 1945 577 2014 sit,
589 1943 622 2005 in
641 1941 802 2024 Hungaria
820 1961 896 2007 vcro
908 1946 981 2007 licet
998 1942 1192 2013 Gubernium
1207 1944 1252 2007 hu·

133 2046 267 2111 iusmodi
283 2049 550 2112 matrimoniorum
567 2049 834 2128 recopulationem
853 2056 995 2130 urgeret,
1014 2051 1147 2115 ordines
1163 2058 1251 2114 tanen

132 2155 236 2236 Regni
252 2154 437 2217 adaltcram
455 2156 602 2219 Tabulam
621 2155 655 2217 in
671 2144 1009 2238 Comitiiscongr‘cgati
1021 2159 1097 2223 talia
1115 2158 1251 2223 mandata

133 2262 225 2342 regia
250 2278 309 2340 pro
337 2260 537 2347 illegalibus‚
564 2263 649 2345 ipsas
665 2262 920 2345 recoputntiones
942 2266 1135 2344 inoperosas
1152 2272 1184 2328 et
1198 2265 1251 2344 legi

138 2369 314 2433 contrarias
332 2386 404 2431 esse
423 2367 673 2443 declaraverint,
699 2389 736 2432 ac
753 2371 935 2451 copulantes
960 2372 1088 2452 quidem
1105 2374 1251 2437 ministros

136 2475 182 2538 -ob
198 2473 346 2536 violatam
362 2475 467 2558 legem
483 2477 669 2557 puniendos
686 2484 845 2559 peractam
871 2485 974 2541 tamen
992 2477 1029 2540 ab
1048 2479 1089 2540 iis
1108 2480 1252 2560 copulati·

133 2600 224 2645 ouem
241 2582 415 2644 iterandam
441 2602 595 2667 nonesse
613 2587 862 2648 enunciaverint.
887 2572 949 2648 Cur
975 2593 1080 2649 autem
1098 2589 1251 2668 utrobique

133 2693 226 2752 mixta
245 2689 441 2754 matrimonia
459 2708 564 2751 coram
581 2692 729 2772 parochis
748 2693 911 2755 catholicis
928 2695 998 2755 iniri
1016 2697 1250 2777 praecipiantur,

133 2813 227 2859 causa
245 2799 296 2861 illa
314 2806 382 2860 est:
410 2797 491 2877 quod
518 2816 585 2859 cum
612 2798 769 2879 Josephus
787 2798 1007 2877 2..lmperator
1024 2802 1184 2878 primitivo
1201 2816 1247 2862 suo

55 2948 57 2951 -
132 2903 233 2967 edicto
251 2904 466 2967 matrimoniali
485 2908 700 2984 quaestionem
718 2905 818 2968 illam:
850 2924 889 2967 an
916 2906 1012 2967 mixta
1040 2914 1136 2970 matr.
1155 2924 1248 2968 eoram

74 3072 81 3080 ,
136 3012 252 3074 Curato
278 3013 437 3075 catholico
463 3013 514 3073 vel
533 3012 707 3075 acatholico
735 3013 805 3074 iniri
821 3013 982 3076 debeant?
1008 3016 1039 3076 in
1059 3016 1166 3078 medio
1183 3013 1248 3076 reli-

134 3120 255 3197 querit,
289 3120 429 3181 nonnulli
454 3120 738 3184 haereditariarum
776 3122 1008 3200 provinciarum
1035 3124 1178 3203 episcopi
1209 3123 1248 3183 ius

132 3223 310 3288 huiusmodi
338 3229 531 3288 matrimonia
558 3227 724 3307 copulandi
750 3229 780 3289 in
806 3229 1065 3308 praerogativam
1095 3228 1247 3308 religionis

132 3331 308 3394 catholicae
324 3332 470 3411 parochis
488 3333 650 3395 catholicis
663 3335 756 3396 tribui
774 3336 936 3415 petierint,
948 3335 1248 3412 impetraverintqna

130 3438 162 3498 in
180 3437 342 3519 Hungaria
361 3457 436 3501 vcro
454 3439 524 3500 dum
541 3440 641 3519 Regni
660 3439 794 3503 Ordines
812 3443 842 3503 in
860 3439 998 3501 Comitiis
1017 3458 1046 3500 a.
1069 3440 1166 3502 1791.
1182 3458 1248 3503 cor-

131 3546 259 3623 grogati
276 3543 315 3605 de
334 3546 497 3606 tenoribus
513 3547 676 3625 rogandae
694 3546 917 3629 religionariac
943 3546 1027 3628 legis
1046 3555 1122 3628 post
1139 3548 1248 3609 diutur-

132 3667 188 3708 nas
207 3649 302 3710 etiam
320 3653 541 3712 contentiones
560 3652 742 3715 coalescere
759 3671 821 3714 uon
838 3654 1024 3731 potuissent,
1052 3653 1129 3734 lmp.
1148 3659 1179 3715 et
1194 3651 1247 3712 tte-

129 3771 201 3831 gem
228 3754 421 3835 Leopoldum
448 3758 478 3820 2.
506 3758 659 3820 communi
686 3758 819 3821 oonsilio
847 3761 994 3821 arbitrum
1020 3760 1246 3825 constituerint,

129 3866 162 3919 ut
180 3866 307 3920 tenores
327 3860 507 3924 condendae
525 3864 606 3945 legis
623 3868 709 3927 iuxta
735 3868 991 3945 praeexistentes
1008 3866 1245 3946 pacificationea

128 3965 300 4028 anteriores
318 3968 391 4028 item
407 3966 508 4047 leges,
527 3978 558 4031 et
574 3991 632 4051 pro
650 3971 836 4033 stabilienda
852 3975 933 4035 inter
961 3972 1110 4033 diversae
1128 3973 1246 4052 religio·

126 4073 172 4130 nis
189 4073 367 4152 regnicolas
397 4074 556 4137 harmonia
581 4079 649 4156 ipse
678 4077 827 4151 definiat3
852 4080 878 4138 is
894 4096 934 4138 ne
960 4077 1016 4138 lex
1033 4073 1245 4156 hungaricam

126 4177 249 4239 obiecto
266 4179 468 4259 religionisa
485 4185 614 4263 vigente
632 4186 691 4245 iam
710 4191 816 4245 ectum
832 4186 864 4245 in
880 4183 1108 4245 haereditariis
1126 4183 1243 4264 provin·

129 4283 186 4341 elis
203 4282 405 4363 legislatione
424 4270 557 4364 differat,
577 4289 672 4352 mixta
688 4289 884 4352 matrimonia
913 4287 1007 4348 etiam
1037 4290 1069 4349 in
1095 4282 1241 4365 Hungarit

127 4401 255 4466 semper
271 4407 376 4452 coram
393 4395 531 4473 parocho
544 4395 699 4460 catholico
717 4396 855 4459 ineunda
873 4412 946 4456 esse
964 4397 1139 4458 censuerit.
1159 4393 1239 4465 enan
