2798 4852
625 230 895 338 '-602-
996 341 1004 348 .,

205 470 292 533 litate
309 467 420 530 iurium
438 484 474 528 ac
490 463 667 527 libertatum
686 479 822 535 suarum,
839 461 995 542 liberique
1013 461 1173 537 exercitii,
1193 481 1262 525 non
1281 463 1337 526 ob-

210 576 366 639 stantibus
384 576 415 637 in
433 574 623 635 contrarium
642 571 735 634 editis
752 568 1011 643 ordinationibus,
1027 586 1126 650 porro
1145 569 1244 632 ctiam
1263 588 1339 634 con-

209 684 448 745 servabuntur.“
473 680 614 760 Denique
640 685 698 743 art.
717 677 778 739 57:
805 675 901 738 1791.
919 677 965 739 sic
981 684 1094 740 sonat:
1120 677 1234 759 „Erga
1250 656 1337 740 oom-

208 786 485 863 mnnemStatuum
503 794 534 848 et
552 784 699 849 Ordinum
725 762 1077 868 consensum‘benigne
1096 791 1263 846 annuente
1281 786 1337 848 Sua

208 896 277 978 blaj.
294 896 387 961 SSma
404 894 641 957 determinatam
659 901 717 965 esl,
735 898 769 956 ut
777 891 883 971 proles
901 888 1125 954 ediversarum
1145 892 1335 972 religionum

206 1003 402 1086 parentibus,
419 1003 486 1064 siro
504 1003 608 1064 mixtis
627 1001 832 1064 matrimoniis
843 997 1064 1078 suscipiendae
1080 1017 1199 1062 sexum
1212 1016 1336 1063 suorum

210 1117 376 1194 parentum
394 1117 584 1191 sequantur,
618 1115 650 1170 ct
667 1108 798 1170 masculi
826 1109 856 1169 in
874 1109 990 1186 patris,
1025 1105 1198 1196 loemellae
1216 1123 1295 1169 vcro
1311 1108 1336 1166 in

211 1219 411 1282 matrissuae
438 1218 593 1298 religione
610 1215 797 1286 educentur,
822 1233 858 1276 ac
876 1214 1092 1293 baptisantur,
1124 1215 1339 1276 contractibus

212 1327 377 1407 quibusvis
395 1329 425 1389 in
444 1325 633 1388 contrarium
651 1324 726 1403 nihil
744 1321 951 1386 valentibus.“

301 1435 336 1495 ln
353 1435 405 1495 tali
423 1435 470 1496 rei
488 1435 559 1506 situ,
577 1432 647 1499 dum
664 1451 776 1514 nempe
793 1449 849 1511 per
867 1429 1167 1493 neo-introductum
1195 1430 1227 1490 in
1244 1429 1338 1493 mixtis

211 1540 417 1604 matrimoniis
437 1540 630 1621 procedendi
646 1541 768 1603 modum
785 1556 848 1600 non
860 1544 982 1600 'tantum
1000 1537 1232 1601 consuetudini
1249 1538 1337 1600 adus-

211 1666 271 1729 que
287 1651 318 1710 in
334 1649 568 1713 'lranssilrania
585 1651 706 1732 rigenti
725 1649 823 1710 minus
841 1647 1042 1722 conformem,
1060 1643 1122 1707 sed
1138 1645 1236 1707 eliam
1254 1664 1339 1727 prae·

211 1755 380 1818 recensitis
393 1757 535 1836 positivis
545 1755 665 1836 patriae
675 1755 799 1838 legibus
811 1756 1013 1827 contrarium,
1031 1753 1255 1832 exemplarem
1266 1755 1340 1816 illam

211 1862 400 1924 harmoniam
428 1870 458 1923 et
483 1863 652 1926 fraternam
674 1861 895 1939 concordiam,
922 1879 1003 1941 quae
1029 1867 1074 1922 tot
1103 1866 1338 1924 retroactorum

218 1986 372 2033 annorum
399 1973 483 2033 serie
510 1972 592 2034 inter
618 1971 811 2034 diversarum
837 1969 1027 2050 religionum
1055 1968 1207 2030 asseclas
1235 1968 1339 2035 lloruit,

155 2106 158 2112 ·
213 2073 383 2150 turbatam,
401 2083 432 2138 et
449 2079 569 2141 animos
586 2077 691 2160 blagni
709 2077 800 2141 huius
817 2077 1011 2157 Principatus
1036 2075 1223 2139 incolarum
1240 2092 1342 2157 magna

123 2244 125 2249 .
212 2183 244 2243 in
259 2190 349 2262 parte
374 2180 406 2246 in
438 2184 539 2247 mixtis
567 2185 770 2249 matrimoniis
798 2183 970 2247 viventium
986 2188 1222 2245 consternatos
1240 2199 1343 2244 essee

212 2289 420 2354 relationibus
437 2295 582 2374 superins
600 2299 842 2356 memoratarum
867 2290 1126 2354 Jurisdictionum
1144 2290 1256 2353 isthuc
1273 2308 1341 2370 per·

212 2393 283 2459 latis
299 2397 397 2477 palam
416 2398 468 2460 sit:
506 2399 638 2483 Regium
664 2402 765 2464 hocce
783 2398 972 2463 Gubernium
988 2397 1102 2479 legalis
1128 2416 1213 2460 suae
1229 2397 1341 2479 obliga-

213 2505 306 2568 tionis
325 2523 396 2568 esse
414 2505 520 2580 duxit,
538 2512 849 2590 repraesentationes
867 2507 1111 2569 Universilatum
1130 2507 1338 2569 Comitatuum

214 2612 358 2688 dotatio,
381 2621 412 2675 et
429 2612 530 2677 Albae
546 2618 715 2692 inferioris,
733 2637 791 2679 nec
814 2637 876 2680 non
894 2615 983 2677 Sedis
1002 2613 1185 2677 Siculicalis
1204 2617 1342 2693 Aranyos

216 2738 366 2783 unacum
396 2722 611 2785 dilucidatoria
631 2724 776 2806 Episcopi
799 2723 928 2784 Transs.
956 2720 1177 2782 declaratione
1197 2720 1343 2802 Majestali

215 2828 301 2888 Vrae
319 2827 432 2888 SSmae
450 2846 487 2889 eo
505 2847 573 2890 cum
591 2830 759 2894 humillimo
781 2832 877 2911 petito
895 2831 1121 2901 substernere,
1158 2836 1195 2911 ut
1221 2846 1276 2908 pro
1294 2844 1341 2888 sua

216 2941 348 3012 paterna
367 2937 603 3017 principalique,
622 2957 678 3018 qua
691 2941 722 3001 in
736 2939 944 3001 observamcn
955 2938 1059 3018 legum
1071 2939 1265 3016 patriarum,
1276 2953 1342 3016 pro-

217 3042 452 3124 motionemque
470 3042 613 3122 publicae
632 3043 790 3106 felicilatis
807 3045 921 3119 fertur,
940 3062 1013 3106 cura
1032 3049 1063 3103 et
1076 3043 1294 3106 sollicitudine
1309 3041 1341 3101 ad

213 3147 461 3210 restabiliendam
479 3150 640 3231 pristinam
658 3151 850 3215 harmoniam
869 3159 902 3212 et
917 3149 1141 3226 concordiam,
1164 3149 1341 3210 sedandos-

216 3272 275 3332 que
294 3255 496 3336 patriotarum
515 3258 634 3320 auimos
652 3275 793 3341 congrua
806 3260 870 3319 suis
887 3258 965 3319 loris
978 3255 1229 3319 clementissime
1243 3256 1339 3335 dispo·

215 3378 289 3424 nere
306 3360 469 3444 dignetur.

214 3749 483 3823 Repraesentalto
496 3753 537 3808 nd
551 3754 648 3809 Suam
662 3749 866 3820 Majeslateur
881 3766 897 3807 e
912 3751 1063 3807 comitiis
1076 3750 1338 3808 Tramssllvanlae

369 3843 400 3898 ln
415 3844 533 3898 merito
548 3845 641 3898 nrntr.
657 3843 835 3899 mixtorum
849 3842 901 3897 dd.
917 3843 963 3897 12.
984 3842 1074 3912 Sept.
1089 3840 1190 3898 tera.

304 4008 525 4073 Sacratissima
543 4017 605 4072 etc.
630 4008 764 4091 Dignata
781 4016 829 4070 est
847 4009 994 4089 llnjestas
1012 4006 1074 4068 Vra
1088 4008 1188 4072 SSma
1206 4010 1341 4091 projecta

224 4117 422 4179 articulorum
449 4117 592 4180 92-94.
610 4120 640 4179 in
657 4117 786 4198 negotio
815 4119 961 4179 transitus
989 4132 1028 4177 ex
1045 4133 1106 4178 una
1134 4118 1297 4197 religione
1313 4112 1344 4174 ad

216 4218 316 4297 aliam,
336 4225 504 4287 mixtorum
534 4206 613 4285 item
624 4226 888 4286 matrimoniorum
906 4243 923 4285 c
941 4221 1080 4285 Comitiis
1106 4240 1137 4284 a.
1162 4222 1344 4302 18¹⁰s'11pr0

216 4325 368 4390 altissima
388 4333 612 4411 approbatione
631 4338 661 4395 et
678 4331 912 4394 confirmatione
931 4329 1104 4394 humillime
1122 4333 1285 4396 submissa
1301 4339 1344 4392 te-

214 4450 289 4498 nore
306 4434 460 4517 Rescripti
478 4440 573 4523 liegii
595 4442 645 4503 dic
672 4439 703 4502 8.
722 4439 825 4502 Martii
856 4436 950 4502 1837.
980 4440 1105 4502 exarati
1123 4459 1201 4505 eum
1219 4441 1251 4507 in
1267 4440 1346 4504 finem
