2798 4852
582 216 977 375 1--2'03---5¹
1070 302 1078 375 g

138 459 269 531 lorum
283 470 447 550 persuasio
472 470 645 544 inhaereat,
668 468 729 535 iam
745 490 829 536 nunc
844 470 892 535 las
908 488 1002 547 esso,
1018 473 1114 553 mixta
1131 471 1288 539 connubia
1341 468 1344 473 ’
1384 452 1388 459 ’

123 565 331 651 ίἱζοοίοεὶεω
347 579 473 640 nomine
493 577 687 661 approbare,
719 581 883 662 paratique
909 578 1045 643 audeant
1071 572 1313 663 lacinus'pers

147 683 306 746 svasioni
331 681 518 767 adiungere.
534 683 652 749 Horum
668 702 816 749 numerus
843 688 982 769 quamvis
1007 689 1203 769 perexiguus
1220 695 1288 759 ast,
1310 762 1313 767 Δ

149 799 224 849 res
231 782 434 872 'tamen'ipsa
450 791 639 874 grauissima
655 808 733 855 sane
749 793 884 857 animum
900 791 1047 857 Nostrum
1063 802 1241 859 commovet
1257 802 1289 857 et
1319 858 1323 865 ,

151 886 344 960 huiusmodi
367 897 448 960 malo
469 897 622 964 medendo
647 897 713 963 Nos
738 915 837 979 ocyus
861 892 1046 979 prospicere
1066 898 1167 963 iubet.
1192 896 1308 965 Ferre
1378 948 1384 977 .·

154 992 249 1065 enim
263 1018 327 1065 non
340 1018 520 1086 possumus,
536 1021 600 1067 non
615 1006 675 1068 iam
692 1003 774 1084 quod
790 1002 822 1067 id
838 1001 935 1068 Nobis
952 1002 1032 1069 lalso
1054 1007 1164 1087 culpae
1180 1015 1290 1071 verta·
1383 1038 1386 1043 ·

152 1108 239 1181 tur,
266 1127 377 1173 verum
409 1112 569 1175 enimvero
601 1118 719 1175 tantam
751 1111 922 1175 animarum
953 1111 1106 1178 iacturam
1136 1115 1313 1194 pastorali

142 1202 299 1279 ”Nostrae
310 1206 552 1283 'commissarum
566 1216 764 1301 vigilantiae,
781 1236 859 1299 quaa
875 1226 962 1282 certe
979 1227 1126 1285 secutura
1143 1227 1205 1295 est,
1222 1223 1286 1285 nisi
1352 1236 1361 1267 ·-
1386 1228 1389 1232 ’

139 1316 241 1404 ιΙιιιίο
254 1322 353 1393 falsae
377 1327 577 1404 persuasioni
601 1325 693 1391 latius
709 1325 847 1407 serpenti
864 1324 1085 1406 praecludatur
1100 1326 1162 1389 via.
1180 1327 1284 1400 Quare
1340 1366 1343 1371 ·
1361 1336 1366 1345 '

118 1456 123 1463 ·
154 1422 288 1493 Fratres
304 1432 336 1494 in
353 1431 478 1496 Christo
504 1431 719 1506 dilectissimi,
745 1431 843 1496 ollicii
857 1431 930 1495 loco
945 1432 1094 1499 habemus
1110 1451 1176 1497 rem
1193 1434 1286 1507 hane,
1307 1429 1313 1493 ’.
1344 1504 1347 1509 ,
1375 1517 1378 1523 ¹

156 1536 288 1600 tametsi
302 1539 394 1601 vobis
410 1538 490 1603 adeo
506 1546 724 1623 perspectam,
745 1541 851 1603 ‘tamon
866 1556 992 1605 rursum
1009 1547 1082 1603 ante
1097 1541 1207 1605 oculos
1223 1558 1294 1627 po-,
1363 1564 1369 1595 :

147 1656 254 1718 nere,
267 1644 397 1728 Vosque
413 1655 611 1729 peramanter
628 1665 768 1727 monere,
783 1654 817 1711 ut
834 1665 850 1710 a
868 1649 991 1713 tramite
1007 1646 1123 1712 indicto
1135 1649 1283 1713 uelatum
1358 1629 1388 1685 -“’

113 1794 123 1841 .—
168 1749 290 1828 qudam
306 1762 446 1836 unguem
463 1752 641 1819 discedatis.
1202 1754 1220 1771 ”
1333 1738 1337 1744 ’

118 1848 131 1931 ³.
192 1938 195 1943 Ι
244 1860 322 1924 λὖιιιιι
344 1878 422 1924 vero
439 1858 501 1925 duo
527 1864 653 1927 omnino
669 1869 741 1927 sunt
756 1862 849 1928 huius
864 1865 912 1928 rei
937 1864 1057 1944 capita,
1086 1879 1218 1946 quorum
1234 1861 1294 1932 al-,
1335 1906 1361 1946 Ἀ

135 1990 138 2001 ·
177 1965 456 2048 tarumprioribus,
484 1969 617 2034 alterum
643 1989 721 2034 vero
737 1970 854 2035 ultimis
870 1970 972 2035 literis
987 1971 1113 2035 Nostris
1130 1968 1284 2050 complexi

158 2068 288 2155 'mnus
320 2078 382 2140 etsi
406 2075 495 2140 hisce
529 2079 623 2141 etiam
657 2079 840 2151 veritatem,
873 2095 964 2159 quam
989 2076 1063 2139 illae
1087 2076 1298 2145 referebant·
1384 2104 1390 2113 ·

189 2172 549 2277 ltoooinculoaverimus.
576 2185 666 2250 Prius
687 2188 867 2267 igiturest:
894 2183 1089 2247 matrimonia
1112 2185 1212 2258 mixta
1238 2182 1283 2257 (in
1310 2204 1337 2258 χ
1383 2256 1387 2265 ¹

148 2302 159 2335 ··
197 2282 322 2354 tororum
338 2289 539 2366 conditione,
558 2311 638 2375 quae
655 2292 738 2376 apud
753 2291 819 2355 Nos
836 2291 1042 2375 conspicitur,
1059 2289 1132 2359 dum
1148 2291 1285 2372 vigeant

156 2390 161 2397 ’
180 2392 304 2462 :istrum
319 2399 420 2482 leges,
437 2419 516 2484 quae
534 2399 698 2464 Ecclesiae
715 2401 879 2464 cautiones
895 2398 1000 2462 irritas
1017 2397 1154 2470 faciunt)
1171 2395 1281 2460 illicita
1311 2463 1313 2467 ,
1366 2416 1370 2424 ·

159 2481 176 2589 3,
198 2504 260 2583 luae
274 2506 431 2589 prohibita
456 2511 517 2572 etsi
533 2526 595 2572 non
612 2504 748 2571 invalida
766 2525 851 2572 esse.
863 2482 954 2570 'Hinc
968 2503 1072 2568 literis
1088 2502 1151 2568 illis
1169 2503 1279 2566 decla·
1305 2538 1309 2543 ·
1345 2518 1348 2527 ·

157 2612 173 2673 .'
192 2611 315 2691 uanus,
339 2615 414 2679 nihil
438 2633 497 2678 vos
524 2634 622 2699 agere
648 2616 785 2701 debera,
803 2614 915 2698 quibus
943 2631 985 2676 ax
1006 2619 1097 2696 parte
1113 2611 1279 2675 Ecclesiae
1358 2660 1360 2667 ,

192 2707 338 2786 lcnsnodt
362 2725 553 2787 matrimonia
578 2721 753 2806 approbare
769 2721 966 2785 videremini.
992 2719 1136 2783 Alterum
1151 2737 1230 2782 vero
1248 2719 1280 2780 in
1344 2728 1370 2792 f

155 2850 158 2855 ·
185 2829 384 2902 ocannstit,
410 2835 443 2891 ut
459 2827 541 2892 hanc
557 2828 721 2892 Ecclesiae
737 2829 842 2910 legem
859 2818 1155 2907 transgredientes,
1179 2843 1282 2907 eaque
1317 2828 1320 2833 '

149 2926 164 2949 ·'
187 2919 306 2998 ineuntes
331 2934 526 3000 matrimonia
552 2933 669 2998 ceteris
697 2933 918 3016 peccatoribus
943 2933 1291 3015 aequiparentur,·qui-

136 3035 155 3125 ¹,J
183 3032 284 3103 scitica
308 3041 395 3106 nullo
427 3030 759 3113 excommunicationis
791 3040 910 3105 aliusve
950 3047 1099 3104 tenentur
1129 3042 1282 3103 censurae
1313 3071 1316 3075 v

180 3132 296 3213 Epulo.
321 3149 400 3212 Hinc
418 3155 486 3222 est,
512 3147 597 3231 quod
613 3147 798 3212 aliisliteris
816 3143 1101 3217 declaraverimus,
1119 3146 1194 3208 item
1214 3146 1281 3209 Ec·

119 3288 123 3299 ·
170 3234 280 3318 clttsiae
295 3262 430 3319 mentem
445 3274 481 3318 ac
497 3257 619 3339 praxim
635 3258 755 3328 secuti,
772 3236 945 3329 eiusmodi,
971 3253 998 3314 si
1014 3269 1090 3314 vere
1106 3250 1183 3314 lacti
1198 3268 1281 3333 poe·
1366 3311 1369 3315 ,

113 3342 119 3377 ³
167 3342 299 3424 nitentes
316 3350 610 3426 reconciliationem
626 3364 792 3444 petierint,
810 3362 878 3424 sine
895 3358 1080 3422 difficultate
1098 3358 1280 3440 excipide-

161 3437 250 3532 bere,
267 3469 383 3534 liorurn
400 3478 546 3534 neutrum
563 3471 654 3535 alteri
670 3470 867 3547 adversatur,
878 3477 1043 3550 utrumque
1059 3467 1163 3548 potius
1181 3468 1281 3530 amica
1387 3485 1393 3536 ;

156 3563 271 3640 ⁸⁰0um
285 3579 441 3643 consistit.
456 3590 462 3605 ·
1269 3598 1273 3602 ·

226 3684 355 3765 -At'que
379 3701 482 3765 nunc,
509 3684 626 3747 iratres
661 3686 695 3748 in
725 3682 851 3749 Christo
881 3681 1094 3757 dilectissimi,
1127 3683 1280 3753 neminem
1366 3738 1368 3743 .

145 3771 301 3856 vestrum
315 3792 427 3874 fugere
443 3798 566 3871 potest,
593 3810 684 3873 quam
700 3792 857 3856 rationem
873 3799 984 3855 tenere
1001 3789 1155 3853 debeatis.
1177 3787 1279 3865 Nimi-
1323 3822 1326 3831 ·

140 3877 226 3990 ‘flur
243 3898 388 3989 insudate
404 3898 436 3960 in
453 3897 602 3976 Domino,
621 3905 713 3981 atque
729 3897 842 3980 vigiles
865 3899 948 3980 agite
974 3912 1086 3979 curas,
1113 3894 1209 3957 ollicii
1225 3895 1278 3957 lo·
1350 3924 1352 3929 ·
1374 3882 1384 3896 ”

135 3982 251 4072 0¹‘ltro
276 4007 375 4070 vestri
399 4023 571 4083 memores,
597 4007 724 4073 uthaec
741 4006 803 4069 duo
820 4005 887 4068 Deo
905 4003 1073 4075 adiuvante
1090 3986 1278 4072 obtineatis,
1345 4036 1348 4041 ·

132 4087 184 4149 ¹¹⁸
205 4094 438 4194 fiantlun'quan
454 4113 532 4176 haec
548 4113 685 4178 infelicia
708 4113 882 4189 connubia,
908 4119 939 4174 et
955 4109 1045 4182 art-ii,
1074 4112 1125 4191 qui
1140 4111 1201 4197 iarn
1217 4111 1278 4174 hoo
1343 4114 1352 4144 ²

147 4202 284 4286 aneinus
300 4227 529 4302 perpetrarunt,
547 4219 586 4283 ad
603 4221 763 4284 meliorem
789 4217 913 4302 frugem
929 4236 963 4280 se
980 4216 1103 4311 tandem
1117 4218 1287 4298 recipiant
1353 4284 1355 4291 ,
1376 4299 1379 4305 ¹

122 4278 292 4393 Priterram
315 4331 415 4414 igitur
431 4326 515 4410 quod
532 4331 663 4407 attinet,
688 4344 854 4410 numquam
871 4325 1029 4389 desistatis
1048 4321 1189 4389 fidelium
1206 4328 1279 4389 ani*

120 4400 214 4485 ¹¹¹¹&
234 4436 359 4503 fortiter
373 4442 632 4521 repraesentare,
650 4435 717 4500 Deo
734 4434 829 4518 longe
846 4434 975 4514 odiosa,
992 4434 1112 4514 animae
1127 4451 1278 4517 perquam
