2798 4852
344 267 797 339 ·‚'.-386--

5 434 9 441 ⁷
106 466 150 529 tia
165 462 389 547 harmoniaque
414 463 496 525 inter
513 458 660 536 diversae
686 458 854 541 religionis
870 456 1013 521 homines
1041 457 1231 534 turbaretur,

106 589 143 634 ec
160 571 191 634 id
208 586 302 632 secus
319 569 415 631 etiam
430 560 522 648 bqais'
539 567 623 631 Suae
639 565 710 646 Maj.
737 565 961 628 intentionibus
977 564 1099 629 directe
1115 563 1250 657 adver-¹

80 670 249 750 -saretur,
275 694 354 756 quae
371 691 622 756 unumquemque
644 674 732 736 iuxta
758 672 1007 753 Couslitutiones
1036 670 1142 755 Regni
1166 677 1226 733 tra·

106 790 193 845 ctare
210 789 242 844 et
257 779 498 863 regereuultf‘
523 778 584 853 Sed
611 779 803 859 patefaciunt
820 778 870 841 vel
887 779 1027 841 maxime
1047 778 1231 858 gravamina

87 877 138 949 'et
154 887 308 971 postulata
334 902 391 967 pre
416 885 526 949 lavore
548 884 809 966 Euangelicorum
834 885 894 965 lmc
919 884 1225 961 Repraesentaticne

84 1068 86 1073 ,
105 1009 123 1052 e
140 974 280 1057 comitiis
296 992 378 1057 Suae
393 991 550 1073 llnjestmi
566 989 678 1053 SSmae
696 991 856 1053 substerni
870 991 1055 1066 proposita:
1074 1007 1136 1071 qua
1155 988 1228 1065 peti·

81 1170 86 1181 „
103 1104 157 1161 tur
170 1097 391 1177 religiunarius
408 1103 465 1158 art.
484 1095 545 1157 26:
565 1093 661 1163 1791.
678 1094 740 1158 line
750 1093 955 1157 stabiliendae
966 1100 1144 1183 perpetuae
1161 1091 1226 1155 har·

102 1205 225 1267 maniae
241 1221 277 1265 ac
293 1203 417 1283 unionis
434 1199 577 1265 conditus
593 1220 628 1264 ec
646 1218 702 1278 pro
713 1198 936 1264 fundamenteli
952 1200 1121 1282 hucusque
1140 1198 1232 1263 hali-

13 1308 51 1389 ᾗ
103 1317 165 1383 lus,
181 1309 295 1373 iterum
314 1308 351 1372 ad
376 1307 553 1391 firmandam
579 1300 611 1370 et
635 1289 834 1373 obtinendam
860 1308 1008 1391 maiorem
1023 1307 1232 1375 harmoniam

104 1415 242 1491 alterari,
260 1416 377 1497 aliquot
389 1415 457 1476 eius
474 1416 549 1487 §§·i
560 1416 671 1490 partim
688 1415 837 1495 expungi,
855 1415 964 1489 partim
976 1411 1165 1485 modificari,
1183 1418 1224 1475 al·

13 1497 19 1508 ’
84 1524 165 1604 'que
180 1520 263 1583 idem
279 1519 439 1584 Articulus
457 1520 488 1582 in
506 1519 644 1581 levorem
654 1519 917 1601 Euangelicorum
929 1538 998 1583 curn
1015 1519 1153 1581 max-imo
1166 1516 1229 1581 lle»

102 1624 234 1708 ligionis.
247 1625 427 1710 calholicae
443 1625 648 1702 praeiudicio,
667 1615 748 1708 quod
764 1628 832 1705 ipsa
842 1625 1025 1689 'Paeifioatio
1037 1626 1231 1690 Viennensis

104 1737 306 1815 praecautum
323 1730 430 1803 voluit,
447 1731 599 1794 latissime
613 1733 741 1795 extendi
758 1738 789 1794 et
805 1733 992 1809 exsplicari:
1016 1739 1050 1795 ut
1067 1732 1151 1794 adeo
1166 1730 1224 1795 du·

67 1837 447 1937 'biumessenequeqt,
474 1837 534 1898 uon
563 1845 770 1916 lampacem,
795 1841 952 1911 unionem,
979 1839 1229 1902 etharmoniam

104 1945 224 2025 quaeri,
243 1960 334 2035 quam
351 1958 502 2005 novorum
520 1943 632 2006 iurium
650 1961 719 2006 cum
730 1929 1122 2025 praeiudicioCatholicee
1139 1943 1228 2006 lleli·

49 2120 53 2131 1
101 2048 206 2130 gicnis
223 2049 472 2128 acquisitionem,
488 2051 561 2130 quin
578 2051 802 2126 pmncrprorum
814 2056 845 2110 et
855 2048 1032 2131 dogmatum
1043 2046 1225 2113 Catholicae

99 2152 272 2235 Religionis
289 2152 520 2243 ulla-habeatur
535 2154 686 2225 rellexio,
701 2161 793 2231 prout
808 2155 913 2243 habita
929 2154 986 2217 fuit
997 2155 1221 2233 principiorum·

97 2258 262 2341 religionis
272 2258 548 2341 Evangeliccrum,
559 2259 629 2322 dum
641 2258 722 2323 idem
733 2260 883 2331 articulus
895 2260 955 2321 26:
971 2259 1067 2323 1791.
1080 2260 1221 2333 cauditus

74 2448 77 2454 Ι
98 2363 1226 2443 fuisset.CeterumsihaecetiamnuncpropositoPostulatainmaximum

100 2466 280 2532 Catholicae
298 2467 474 2553 Religionis
491 2472 718 2548 praeiudicium
735 2472 1003 2546 concederentur,
1023 2490 1105 2535 nova
1122 2480 1226 2537 tameo

36 2606 39 2611 ·
98 2573 272 2636 identidem
289 2578 470 2657 gravamina
488 2585 518 2639 et
535 2579 691 2655 poslulate
703 2597 743 2639 ex
760 2579 852 2642 Parte
862 2579 1053 2660 Euangelica
1071 2580 1223 2656 deinceps

99 2679 195 2742 etiam
212 2679 414 2756 proponenda
433 2699 506 2744 esse
521 2683 656 2746 dubitari
680 2687 735 2747 uix
754 2693 876 2762 polest3
902 2703 971 2747 cum
996 2685 1219 2749 affirmantibus

97 2784 175 2867 ipsis
193 2785 432 2851 l'rotestentieis
448 2786 635 2861 doctissimis
654 2788 864 2866 Scriptoribus
890 2809 928 2879 ea
954 2790 994 2852 sit
1012 2790 1221 2855 Protestanti·

96 2889 157 2951 smi
173 2889 304 2960 indoles,
323 2898 356 2955 ut
374 2894 541 2973 quiescere
560 2903 706 2975 nequeat,
726 2896 876 2958 corninus
892 2895 973 2959 ullro
990 2896 1224 2979 progredide·¹

96 2994 178 3067 beat,
195 2995 334 3077 nihilque
351 2999 478 3074 positivi
495 3000 525 3062 in
544 2999 708 3082 Religiune
726 3005 791 3077 pali
820 3006 935 3079 possit;
960 3006 1119 3080 impelere
1145 3019 1221 3081 pro·

93 3098 169 3165 inde
184 3101 233 3164 uel
251 3105 383 3165 maxime
401 3103 515 3167 debeat
533 3105 719 3168 catholicam
736 3107 929 3179 Ecclesiam,
946 3107 1108 3172 fundatam
1125 3125 1218 3186 super

41 3240 45 3247 ·
94 3204 181 3269 firma
199 3214 231 3268 et
247 3209 393 3271 innnncbili
409 3218 516 3287 petra3
541 3215 767 3317 cooperarique
793 3215 832 3280 ad
858 3214 1091 3278 effectuandum
1109 3216 1220 3279 Prole·

95 3315 238 3375 stantium
259 3314 445 3377 Germaniae
462 3317 585 3391 planum
603 3313 778 3382 novissimis
790 3321 982 3396 temporibus
994 3318 1219 3404 excogitatum,

67 3412 344 3480 '.Catholicisnnum
379 3422 592 3493 modificandi,
620 3433 650 3484 et
676 3445 746 3487 cum
771 3426 916 3489 Ecclesia
941 3427 1160 3508 Evangelice,
1185 3435 1215 3491 ut

96 3520 273 3595 diciamat,
300 3526 577 3606 amalgamisundi,
605 3529 642 3591 ed
669 3531 897 3604 eumrnodum‚
925 3532 1216 3612 quoinGermenie

92 3625 362 3701 Luthereuismum
379 3650 448 3693 cum
466 3632 652 3695 Caluinismo
678 3638 709 3698 in
735 3635 1031 3699 lndillerentismum
1049 3657 1116 3713 ,seu
1144 3640 1215 3701 Dei-

94 3722 191 3794 smum
217 3732 397 3796 coadunare
424 3737 523 3798 visum
549 3745 607 3800 est.
634 3741 787 3812 Quorsmn
815 3745 906 3805 etiam
944 3747 1108 3821 proposila
1136 3745 1215 3807 Gra-

91 3837 215 3913 vamina
233 3844 263 3897 et
279 3839 438 3902 Postulate
456 3845 588 3904 maxime
606 3849 653 3907 sui
671 3854 758 3923 parte
775 3848 893 3910 directa
911 3867 982 3910 esse
1001 3851 1159 3915 uidentur.

179 3941 200 4002 l.
218 3940 302 4004 luter
319 3944 396 4006 hoec
414 3950 571 4023 proposita
589 3954 780 4041 grauernina,
799 3955 1213 4033 quorurnspecialescesus,

3 4104 6 4109 .
93 4047 124 4101 ut
141 4049 341 4120 oportuisset,
360 4066 420 4111 non
437 4055 642 4134 attingunlnr,
661 4057 757 4132 primo
776 4060 847 4119 lnco
864 4059 1045 4124 reseruntur
1058 4063 1213 4127 Recesse-

90 4147 144 4219 les,
160 4164 216 4208 seu
233 4157 399 4218 conventio
417 4167 580 4233 parentum
606 4164 690 4223 cirea
717 4163 935 4227 educationem
959 4168 1093 4241 prolium
1112 4188 1169 4250 qua
1185 4169 1213 4237 in

50 4332 53 4337 1
88 4247 152 4310 fide
168 4256 395 4330 suscipiendam
414 4261 506 4325 inita:
532 4265 706 4331 cuiusmodi
722 4270 909 4333 lienerseles
922 4284 1055 4352 praeter
1071 4277 1118 4348 id,
1135 4274 1214 4356 qnod

90 4350 368 4436 Pacificctionidus
391 4365 561 4433 Viennensi
575 4381 605 4436 et
620 4374 676 4437 Lm
684 4380 774 4463 censi
781 4423 791 4457 ,
817 4397 858 4439 ce
874 4384 971 4443 elium
997 4384 1139 4447 articulo
1155 4379 1213 4446 26·
