2798 4852
479 271 800 364 ,-502-

124 470 286 534 catholicis
296 471 449 533 ineantur.
461 465 548 529 Hanc
558 467 640 548 legis
652 437 889 546 dispositionem
898 465 968 544 ipse
979 463 1066 526 Cath.
1078 461 1185 525 Cleras
1194 482 1245 545 per

127 576 348 642 semisecnlum
364 576 410 638 sic
427 572 600 650 intellexit,
625 579 658 634 nt
673 572 777 634 mixtis
795 570 998 634 matrimoniis
1014 570 1078 632 ritu
1094 574 1242 634 consueto

17 702 23 712 ·
127 683 282 747 adsistere
307 699 347 745 ne
372 690 435 744 tum
453 679 577 760 quidem
606 678 812 751 dubitaverit,
844 676 914 739 dum
931 676 1037 740 nullae
1056 677 1150 740 datae
1167 685 1244 740 erant

89 773 95 785 ’
123 789 320 866 reversales3
346 795 377 850 et
395 787 493 850 eccel
520 804 604 849 nnnc
629 785 793 848 Praesules
817 786 850 848 in
871 784 1055 847 memoratis
1072 780 1241 865 Encpelicis

126 897 191 960 suis
209 893 368 977 praeviam
385 894 469 976 legis
483 892 717 973 dispositionem
735 892 901 956 arbitrarie
912 888 1162 970 interpretando,
1180 906 1242 952 sen·

30 1081 33 1085 ⁴
125 1018 255 1083 sumque
283 1003 350 1066 eins
376 1016 435 1064 usn
461 1001 615 1063 hactenus
641 999 823 1062 roboratum
848 997 1060 1082 immutando,
1081 995 1239 1077 prohibent

125 1109 319 1171 matrimonia
338 1110 431 1171 mixta
449 1107 614 1184 benedici,
631 1107 669 1168 ab
687 1123 790 1186 eoque
807 1111 992 1177 contractu,
1020 1120 1116 1184 quem
1132 1100 1238 1165 Eccle-

125 1215 172 1278 sia
189 1215 348 1278 catholica
366 1232 424 1296 pro
442 1204 645 1279 Sacramenta
662 1213 781 1286 habet,
795 1214 876 1275 ritus
899 1212 984 1273 sacri
1002 1210 1244 1272 administratio·

125 1338 195 1384 nem
220 1322 417 1384 subtrahunt.
452 1316 565 1382 Gravia
591 1326 663 1382 sunt
678 1319 757 1380 haec
774 1317 949 1399 nuptiarum
965 1317 1137 1379 mixtarum
1153 1317 1242 1394 impe·

127 1425 280 1500 dimonia,
308 1428 494 1509 praesertim
518 1443 576 1508 pro
593 1425 672 1497 illis,
695 1427 747 1506 qui
765 1424 991 1486 matrimonium
1008 1439 1205 1503 nequaquam
1218 1427 1245 1482 at
1274 1496 1277 1501 Ι

126 1549 211 1594 mere
222 1531 344 1594 civilem
355 1538 551 1594 contractum
565 1531 754 1612 respiciunt;
771 1530 809 1592 ab
827 1546 866 1593 eo
884 1531 1008 1602 etenim,
1027 1527 1115 1609 qnod
1131 1528 1245 1609 Religio

126 1652 184 1720 pro
201 1637 403 1701 Sacramenta
429 1638 543 1710 habet,
569 1638 704 1700 Ministri
725 1636 901 1720 Religionis
919 1653 1045 1700 sacrum
1062 1638 1160 1699 ritum
1177 1633 1245 1697 snb-

126 1744 255 1807 trahere
280 1744 361 1806 haud
378 1752 518 1823 possunt.
544 1745 612 1807 lam
629 1763 707 1822 uere
722 1744 776 1807 lex
792 1761 937 1824 quoque,
960 1743 1032 1805 dnm
1049 1749 1142 1805 matr.
1160 1741 1245 1803 mixta

125 1866 231 1914 coram
242 1848 381 1912 Paroeho
398 1849 552 1912 catholico
563 1847 697 1913 ineunda
715 1849 877 1932 disposuit,
895 1848 1051 1912 connubia
1062 1848 1146 1910 haec
1158 1849 1246 1910 instar

124 1956 211 2018 mere
229 1954 366 2017 civilium
377 1961 593 2019 contractuum
604 1958 742 2038 spectari
754 1957 878 2018 minime
889 1955 1000 2032 voluit,
1013 1974 1073 2018 nec
1084 1955 1246 2037 parochnm

126 2071 281 2143 tamquam
299 2057 386 2143 puro'
402 2070 517 2125 testem
539 2063 672 2145 civilem
687 2060 893 2127 considerari
906 2064 1060 2140 intendit3
1089 2071 1158 2128 tum
1175 2061 1245 2125 enim

124 2171 241 2230 rectius
258 2167 353 2231 multo
370 2169 400 2232 id
417 2167 646 2250 disposuisset,
667 2177 701 2232 nt
717 2171 911 2233 matrimonia
929 2187 1039 2233 coram
1055 2168 1244 2233 officialibus

39 2323 42 2327 -
126 2275 267 2339 civilibus
284 2276 527 2352 contrahantur,
544 2292 647 2356 eoque
663 2278 731 2357 ipso
748 2277 879 2358 parochi
896 2277 1046 2339 catholici
1073 2273 1246 2360 praesentia

123 2398 254 2463 prorsus
265 2381 423 2463 superflua
434 2383 536 2445 futura
548 2390 622 2445 erat.
635 2383 742 2464 ltaque
752 2383 943 2464 Rncycticae
952 2383 1246 2464 Praesulnmliterae

127 2486 292 2550 manifeste
303 2488 593 2572 adversanturlegh
610 2498 642 2553 et
659 2488 729 2553 dum
746 2491 876 2553 eandem
892 2473 1021 2572 proprio
1039 2499 1128 2569 motu
1154 2508 1189 2554 ac
1205 2505 1247 2550 ar·

125 2592 219 2657 bitrio
246 2596 516 2675 interpretantur,
541 2597 572 2657 in
598 2597 664 2658 iura
686 2597 853 2658 Potestatis
868 2595 1082 2685 Legislativae
1110 2595 1247 2660 involant.

216 2700 354 2762 Laedunt
379 2720 475 2782 porro
502 2703 668 2764 Praesules
694 2719 753 2781 per
777 2717 851 2764 suas
869 2701 1090 2765 ordinationes
1109 2711 1140 2764 et
1157 2721 1247 2783 ency-

129 2807 221 2869 clicas
247 2810 482 2870 venerationem
503 2808 574 2890 ¹legi
602 2811 661 2870 iam
677 2809 759 2870 latae
776 2815 807 2868 et
824 2808 923 2870 adhuc
939 2809 1094 2871 ferendae
1112 2810 1245 2872 debitam.

128 2911 252 2992 Religio
264 2914 386 2976 scilicet
404 2913 550 2976 duntaxat
561 2916 592 2976 in
612 2917 821 2978 conscientias
838 2932 927 2978 suum
945 2918 1049 2978 exerit
1069 2916 1248 2989 dominium;

128 3017 243 3100 religio
269 3018 393 3082 nonnisi
418 3020 468 3092 id,
496 3022 579 3100 quod
597 3030 761 3102 peccatum
778 3029 845 3098 est,
871 3023 1012 3100 damnat3
1040 3041 1080 3085 ac
1098 3028 1190 3105 proin
1205 3022 1248 3096 id,

68 3130 74 3139 ‘
130 3124 213 3204 quod
240 3127 305 3206 ipsa
332 3127 490 3207 reprobat,
507 3135 670 3205 peecatum
688 3130 736 3201 sit,
755 3135 887 3208 oportet.
911 3129 990 3191 Dum
1006 3131 1109 3211 igitur
1125 3129 1247 3192 Praelati

128 3228 231 3312 Regni
249 3231 398 3310 coniugia
420 3233 524 3303 mixta,
543 3250 623 3311 quae
640 3232 732 3315 leges
749 3234 859 3296 civiles
877 3254 942 3298 non
959 3241 1080 3299 tanturn
1099 3257 1160 3303 non
1177 3255 1246 3317 pro·

128 3335 253 3407 hibent,
280 3335 336 3397 sed
354 3337 449 3417 plane
465 3342 655 3418 protegunt,
673 3340 730 3401 sub
747 3348 914 3420 praetextu
930 3342 1104 3423 religionis
1122 3352 1182 3406 tam
1198 3360 1245 3406 se-

128 3459 205 3502 vere
223 3442 450 3505 condemnant:
470 3443 553 3504 clare
570 3443 716 3517 latentur,
736 3446 930 3508 matrimonia
948 3448 1027 3510 haec
1043 3468 1106 3530 per
1121 3452 1244 3533 religio-

130 3565 201 3608 nem
227 3553 378 3628 tamquam
404 3557 534 3630 peccata
559 3549 689 3623 haberi,
717 3554 824 3631 sicque
851 3553 974 3614 nomine
996 3555 1175 3636 Religionis
1190 3555 1244 3636 legi

130 3649 213 3714 civili
224 3655 344 3731 peccati
365 3655 517 3717 maculam
533 3657 681 3733 inurunt3
700 3656 875 3737 durnporro
887 3659 1125 3739 copulationem
1140 3664 1241 3725 huius·

130 3757 211 3821 modi
237 3762 454 3842 coniugiorum
479 3781 537 3844 per
553 3762 728 3826 Ministrnm
754 3765 960 3828 acatholicum
977 3766 1096 3830 factam
1112 3769 1240 3832 scandali

128 3862 201 3925 loco
218 3863 352 3938 habent,
378 3868 437 3928 iam
455 3870 585 3950 praevie
601 3868 728 3952 legem,
755 3853 841 3949 qnae
852 3877 985 3935 eatenus
1002 3873 1106 3953 primo
1124 3873 1239 3938 ferenda

131 3975 196 4039 est,
229 3977 399 4049 praetextu
425 3973 589 4055 religionis
616 3982 683 4037 atro
710 3983 819 4039 notant
846 3977 982 4039 calculo.
1008 3979 1048 4040 Et
1074 3980 1121 4043 illi
1136 3980 1239 4042 iaciunt

130 4068 227 4140 haec,
256 4078 308 4152 qni
326 4095 342 4135 e
360 4079 481 4141 ratione
507 4081 648 4142 sublimis
672 4083 721 4144 sui
738 4083 877 4146 muneris
894 4086 924 4146 in
940 4102 980 4147 eo
998 4103 1072 4147 esse
1091 4086 1236 4152 deberent

131 4181 165 4234 ut
179 4175 284 4256 legum
302 4182 437 4245 civilium
453 4183 572 4248 strenui
589 4186 649 4249 sint
666 4187 835 4264 custodes3
853 4191 1067 4268 perniciosum
1085 4193 1144 4276 ipsi
1159 4209 1236 4276 praa·

131 4278 205 4339 bent
223 4287 414 4365 exemptum,
433 4291 504 4354 dam
519 4293 622 4376 legem
638 4311 700 4358 non
717 4297 906 4375 observant,
933 4298 1043 4362 eiusve
1062 4301 1234 4365 intellectum

132 4396 189 4458 pra
206 4385 331 4449 arbitrio
350 4395 536 4473 explanant,
569 4402 629 4464 imo
655 4402 838 4482 praecelsae
854 4403 1020 4486 dignitatis
1039 4425 1120 4474 suae
1136 4409 1232 4475 indura
