2798 4852
522 239 864 342 ‘-oto-'

142 488 180 533 ae
198 466 258 533 alia
283 465 459 532 huiusmodi
485 479 670 549 sponsorum
695 468 727 530 in
753 464 863 529 librum
891 465 1106 550 copulatorum
1131 465 1268 536 inserat.

144 573 299 640 Rubriae:
323 577 489 656 copulans,
506 592 574 637 cum
591 575 748 656 copulatio
764 591 825 637 uon
837 576 1043 663 suscipiatur,
1056 593 1154 640 vacua
1171 576 1269 641 relin-

145 683 281 765 quenda.
307 683 484 757 Paroehus‚
518 689 570 745 aut
587 685 655 747 eius
672 684 759 746 viees
779 699 895 764 gerens
912 680 952 745 ad
967 670 1126 747 rubricam
1144 685 1268 749 testium

144 799 243 857 semet
258 790 420 864 inscribat,
439 809 475 853 ue
492 789 522 855 in
541 792 745 855 annotatione
762 787 905 854 adiiciat:
923 807 1059 871 sponsos
1075 789 1199 854 hoodie
1220 825 1259 838 -—
1383 814 1388 821 ⁶

142 917 224 963 anno
240 933 285 946 --
301 900 332 961 in
345 917 400 963 sua
417 901 595 983 praesentia
607 899 733 963 deiuito
747 898 943 962 matrimonio
955 917 989 962 se
1001 897 1266 962 declamasset.

142 1008 174 1074 Si
193 1008 232 1071 de
247 1009 310 1072 hoe
327 1015 399 1072 autu
415 1009 624 1072 testimonium
640 1013 777 1089 petatur,
803 1007 863 1070 hoe
880 1007 1027 1089 sequenti
1040 1009 1174 1083 ‚ratione
1190 1005 1266 1071 dan·
1301 1045 1304 1052 ·

144 1117 311 1180 demerit:
334 1114 576 1197 „infrascriptus
593 1116 685 1179 [idem
700 1115 781 1180 faeie
798 1114 887 1178 Ν.“Ν.
905 1123 937 1178 et
953 1115 989 1178 N.
1007 1115 1044 1177 N.
1070 1120 1142 1195 pust
1168 1133 1266 1198 prae·
1332 1135 1337 1140 “

137 1225 212 1288 ‘vias
229 1224 496 1307 promulgationes
512 1224 545 1287 in
570 1225 752 1307 praesentia
777 1223 911 1286 Parochi
928 1227 958 1284 et
984 1223 1115 1288 duorum
1140 1209 1264 1287 testium

142 1336 181 1398 N.
199 1333 236 1395 Ν.
254 1331 293 1394 de
310 1339 471 1396 contracto
487 1333 568 1395 inter
584 1349 619 1394 se
636 1330 832 1394 matrimonio
856 1325 1100 1394 declarationem
1116 1329 1266 1394 feeisee.“

143 1444 173 1503 5.
192 1440 224 1504 Si
241 1441 348 1522 proles
364 1456 404 1502 ex
420 1440 596 1528 huiusmodi
614 1439 810 1505 matrimonio
827 1445 1015 1513 nascantur,
1044 1445 1199 1522 tamquam
1215 1441 1265 1503 le-

129 1526 272 1630 'gitimae
297 1544 329 1609 in
354 1545 465 1611 librum
482 1547 711 1628 Baptisalorum
737 1547 926 1611 inserendae
943 1553 1023 1636 sunt.
1048 1547 1079 1609 6.
1095 1547 1127 1612 Si
1143 1547 1175 1611 in
1190 1563 1264 1611 casu

140 1655 348 1718 ineundorum
364 1656 531 1718 mixtorum
547 1654 813 1719 matrimoniorum
827 1659 933 1739 sponsi
949 1659 1088 1720 ionariis
1105 1655 1263 1738 parochiis
1320 1672 1337 1679 ··
1372 1648 1375 1662 ’

140 1760 291 1835 habitent,
307 1760 441 1843 ideoque
457 1764 665 1827 testimonium
683 1762 721 1825 de
738 1763 1044 1847 promulgationibus
1062 1763 1198 1826 dandum
1216 1765 1263 1827 sit:
1360 1812 1368 1819 .

140 1868 215 1933 illud
232 1885 319 1931 more
336 1876 487 1932 consueto
498 1868 702 1945 exarandum,
714 1872 1163 1935 attameneumannotatione':
1181 1868 1262 1932 edu·

140 1965 301 2040 ostionem
312 1977 444 2059 prolium
461 1978 647 2044 catholicam
658 1978 955 2061 premissamiuisse
972 1978 1022 2041 vel
1038 1975 1120 2054 n0n3
1145 1996 1186 2039 ne
1202 1993 1260 2056 pa·
1318 1957 1322 1970 ¹

137 2086 257 2150 rochus
276 2085 356 2148 alter
372 2088 404 2150 in
421 2083 512 2165 dubio
529 2087 735 2170 relinquatur,
762 2105 799 2149 ac
816 2087 956 2150 officiose
973 2085 1147 2169 proaedere
1164 2101 1261 2166 eoga-

136 2201 202 2256 tur.
228 2190 258 2253 7.
276 2192 311 2255 lu
329 2192 478 2265 casibus,
509 2195 562 2257 ubi
580 2184 736 2278 populatio
754 2214 818 2259 non
836 2196 1022 2274 suscipitur,
1054 2191 1110 2255 sed
1136 2189 1261 2272 passlve
1365 2280 1368 2285 Α

139 2298 259 2362 assistit
274 2300 441 2382 parochus,
458 2299 542 2362 nulla
559 2302 639 2364 stola
656 2300 863 2384 copulationis
881 2298 1075 2381 accipienda
1126 2329 1128 2333 ¹
1248 2342 1252 2351 ι
1340 2339 1352 2381 3

225 2406 288 2469 llas
306 2424 432 2472 normas
457 2407 560 2501 quoad
587 2413 806 2478 executionem
832 2409 1049 2473 Instructionis
1067 2424 1083 2469 a
1101 2404 1164 2470 Sua
1181 2403 1262 2470 San·

135 2520 242 2580 ctitute
259 2513 406 2579 dimissae
421 2516 548 2580 Domini
565 2517 669 2582 Curati
687 2519 832 2583 accurate
850 2526 881 2582 et
897 2520 1125 2583 eonscientiose
1144 2515 1260 2580 obser·

133 2621 266 2697 nabunt,
300 2639 337 2686 aa
368 2622 801 2709 Ordinariulusllpisaopalis
831 2626 953 2708 plenam
986 2644 1096 2708 spem
1088 2626 1174 2689 fovet
1191 2643 1256 2689 non
1297 2624 1302 2643 '

137 2728 285 2795 modo-oa
302 2731 505 2796 conscientia
532 2740 562 2830 et
579 2737 716 2817 pietate,
735 2735 790 2799 sad
808 2735 899 2798 etiam
916 2735 1082 2818 prudentia
1100 2731 1138 2798 ao
1154 2732 1261 2797 mode·

133 2839 194 2900 stia
209 2839 303 2899 totius
326 2838 557 2904 Cleri-Curati-

204 2941 250 3029 ll
264 2939 598 3032 Genusistorio'llppali.
624 2932 724 3014 Linoii
742 2947 794 3011 12.
810 2949 887 3012 Dec.
909 2947 1003 3012 1841.
1032 2945 1035 2950 ’
1053 2955 1056 2959 ’
1104 2969 1106 2973 ·

653 3162 740 3238 635.

131 3333 299 3392 Gireulure
314 3333 511 3392 consistorii
534 3335 727 3395 Viennensis
747 3318 796 3394 ad
818 3338 993 3406 Pereudos,
1014 3338 1259 3396 Resolutienam

131 3422 341 3497 imperialem
367 3426 474 3496 quoad
495 3424 689 3485 Reversalas
715 3429 746 3484 ln
770 3408 864 3486 matr.
887 3431 1044 3487 mixtistl
1063 3429 1151 3487 lunii
1165 3426 1258 3486 1842

221 3516 351 3582 editam,
368 3515 484 3572 lisdem
498 3520 751 3586 communicans
767 3519 819 3575 dd.
826 3513 863 3576 9.
879 3519 1044 3593 Septemb.
1057 3519 1149 3579 roda.

215 3682 313 3751 Seine
330 3686 360 3749 ιι.
378 3685 408 3748 ιι.
426 3685 574 3768 Najest‘at
590 3685 713 3765 haben,
735 3688 863 3771 4ιιιιοιςι
890 3688 992 3752 hohen
1008 3684 1258 3759 Hoikanzleide·

132 3795 238 3853 cretes
264 3807 334 3854 vom
359 3790 391 3854 3.
417 3792 479 3857 Juli
495 3791 527 3853 Z.
546 3789 706 3874 2⁰4⁶⁶s30,3.
734 3796 789 3860 mit
814 3796 1044 3862 allerhdehster
1061 3798 1256 3864 Entschlios·

132 3917 221 3981 sung.
234 3914 304 3961 vom
321 3899 351 3962 9.
370 3900 443 3965 luni
469 3899 498 3963 d.
523 3900 551 3964 J.
569 3899 735 3983 bezitglieh
759 3895 817 3964 der‘
839 3902 891 3966 bei
907 3903 995 3969 Eheu
1011 3905 1171 3970 zwisehen
1188 3908 1270 3985 lla-t

129 4006 274 4072 thelikeu
301 4009 363 4071 und
378 4009 593 4075 Akatholilren
613 4007 850 4093 ousgestellten
867 4011 1008 4074 Reverso
1033 4015 1112 4078 tiber
1128 4014 1185 4081 dio
1193 4015 1255 4079 Ea-

128 4115 268 4211 ziehung
284 4115 340 4178 der
356 4115 497 4181 Kinder
489 4138 521 4181 m
539 4116 595 4181 der
612 4117 829 4182 katholisehen
844 4120 1009 4226 Religion,
1036 4122 1255 4211 Nuchstehen-

130 4203 186 4286 das
204 4223 437 4308 allergnadigst
455 4227 658 4292 anzuordnen
674 4229 820 4311 gerohet.

219 4335 289 4408 „Da
307 4351 341 4396 es
361 4335 427 4398 sich
438 4336 533 4416 zeigt,
553 4334 625 4398 dass
642 4332 710 4399 sich
727 4336 778 4400 hie
794 4337 855 4400 und
873 4337 911 4399 da
923 4320 996 4400 die'
989 4338 1088 4421 rrrige
1104 4339 1254 4425 Neinuug

129 4438 273 4520 argeben
292 4439 353 4515 hat,
372 4443 416 4505 als
435 4441 474 4505 eb
491 4440 588 4507 durch
605 4443 656 4507 die
673 4445 712 4507 im
729 4448 757 4517 §.
777 4447 807 4511 6.
823 4444 878 4511 des
895 4447 1167 4512 Tolerauz'edietes
1185 4464 1256 4511 vom
