2798 4852
594 250 823 330 -281-

659 504 744 579 rao.

148 692 252 751 preve
263 695 313 765 dd.
326 697 378 754 25.
400 695 487 753 lunii
509 695 600 753 1842.
613 694 653 751 de
666 709 704 752 eo
717 715 726 751 ι
745 696 949 768 quandonam
969 695 1155 753 benedictio
1167 696 1261 752 matr.

151 782 261 841 nlxtis
279 786 511 858 impertienda,
530 787 561 842 et
584 801 624 843 an
646 786 862 843 necessarlum
874 787 935 853 sit,
964 788 999 843 ut
1011 784 1112 844 Sedes
1124 787 1262 857 Aposto-

153 873 207 931 ttea
221 873 282 932 boe
294 877 328 933 ln
347 878 464 933 merito
478 876 662 933 distinctam
684 875 726 931 ad
744 876 930 947 quorumvis
949 877 1115 946 regionum
1127 873 1262 947 Episco-

459 980 519 1041 pos
532 964 761 1023 resolutionem
775 965 941 1022 dimittat?

113 1108 117 1153 '¹
238 1149 275 1161 -
307 1147 323 1159 -
352 1116 486 1179 -lluc
512 1112 674 1180 lateralia
702 1123 828 1199 spectat
854 1133 949 1178 causa
966 1114 1132 1178 mixtorum
1150 1116 1261 1178 matri-

125 1242 128 1247 ·
166 1224 337 1295 aoniorum,
364 1225 395 1287 in
412 1242 471 1306 qua
488 1224 697 1305 Presbyteros
721 1214 890 1289 non'nullos
911 1224 978 1285 sive
997 1221 1078 1305 quod
1095 1240 1205 1286 sanam
1222 1221 1261 1284 de

133 1312 140 1351 ³
167 1328 212 1391 illis
233 1328 404 1395 doctrinam
429 1335 518 1395 tutati
549 1330 690 1405 lucrant,
716 1334 784 1394 sire
810 1331 893 1413 quod
915 1330 1081 1393 Catholicis
1099 1329 1254 1393 connubia

171 1436 297 1503 eiusnodi
314 1445 425 1502 eontra
452 1439 610 1502 Ecclesiae
627 1439 756 1521 regulas
772 1441 982 1519 contractatis
1000 1438 1193 1501 benedicere
1209 1457 1260 1501 re·

149 1614 152 1621 ,
172 1554 350 1620 convorant,
376 1545 467 1629 Regii
485 1545 615 1610 Consilii
631 1547 717 1610 iussu
735 1544 772 1608 ab
789 1564 847 1625 co,
874 1549 905 1610 in
922 1564 983 1628 quo
1001 1553 1090 1608 erant
1106 1544 1258 1608 beneficio

172 1653 265 1718 eiectos
281 1657 498 1736 conquereris.
523 1653 650 1718 Scilicet
672 1653 853 1718 sacerdotes
869 1656 928 1735 ipsi
944 1653 1019 1716 nihil
1035 1654 1206 1737 attigerunt
1221 1653 1261 1716 de

116 1748 120 1757 “
149 1834 153 1845 ι
173 1759 288 1826 cirihbus
311 1764 546 1845 quibuscunque
564 1761 742 1826 earumdem
759 1765 932 1844 nuptiarum
950 1760 1132 1834 ellectibus,
1159 1759 1261 1824 sedin
1299 1762 1302 1768 '

115 1860 120 1865 ’
174 1868 346 1935 dedocendi
357 1872 535 1954 agendique
547 1873 669 1936 ratione
681 1873 720 1935 ad
733 1868 970 1954 praeceptorum
987 1870 1045 1934 Dei
1059 1878 1089 1932 et
1099 1868 1263 1932 Ecclesiae

174 1979 318 2043 cnsbdiam
329 1967 552 2063 spectaverunt
562 2000 571 2057 ;
590 1989 682 2062 atque
696 1983 738 2045 ita
752 1980 885 2063 Regium
901 1977 1068 2042 Consilium
1087 1984 1118 2040 ct
1134 1958 1263 2042 violavit

174 2077 250 2150 hillis
266 2074 607 2170 puniendis'Ecclesiae
618 2091 677 2165 ius,
687 2094 720 2149 et
735 2087 871 2152 libertati
887 2087 1066 2149 Catholicae
1083 2085 1257 2167 Religionis

175 2195 422 2278 muniendaeque
432 2195 628 2259 sacerdotum
640 2193 1138 2259 catholicorummanifestamvim
1149 2191 1260 2256 intulit.

140 2308 147 2387 J
237 2302 408 2382 Pertinuit,
431 2306 606 2386 inquimus,
629 2303 751 2367 illorum
776 2302 971 2367 sacerdotnm
992 2303 1073 2364 ratio
1091 2299 1204 2364 nedum
1221 2297 1260 2362 ad

166 2402 356 2475 'tledientiam
382 2430 460 2494 erga
486 2411 679 2488 Ecclesiam,
711 2404 767 2476 soll
793 2410 946 2475 etiamad
974 2409 1185 2473 mandatorum
1202 2408 1260 2471 Dei

156 2500 319 2582 'miodian
334 2519 558 2582 sustinendam.
583 2519 705 2584 Etenim
721 2517 873 2583 naturalis
891 2536 926 2581 ac
943 2516 1046 2581 divina
1064 2517 1189 2579 omnino
1207 2514 1260 2578 lex
1319 2524 1330 2573 ’.

174 2626 301 2707 tidquae
318 2626 494 2690 Catholicos
511 2644 568 2690 seu
585 2627 677 2691 viros·
688 2645 746 2691 seu
762 2625 910 2690 mulieres
925 2619 1139 2708 prohibet,'ne
1156 2625 1261 2686 mixtis

173 2724 264 2809 tiphis
277 2735 635 2825 temereucontrahendis
653 2753 688 2798 sc
704 2735 900 2816 latoremque
921 2732 1041 2817 prolem
1058 2740 1111 2796 aut
1126 2731 1260 2815 aliquam
1364 2770 1372 2785 ι

171 2837 245 2911 pulis
261 2839 399 2904 eiusdem
423 2849 541 2921 partem
558 2844 589 2904 in
605 2844 821 2922 perversionis'
834 2818 1002 2905 discrimen
1027 2840 1177 2907 iniiciant.
1196 2837 1260 2902 Ec·
1367 2888 1371 2897 .

167 2938 244 3012 alesia
268 2967 343 3013 vero
370 2948 548 3031 Sanctaque
575 2948 652 3012 haec
678 2949 775 3016 Sedes
801 2966 857 3013 seu
874 2951 905 3012 in
922 2948 1066 3032 generali
1083 2948 1261 3012 carumdem

113 3036 116 3065 ³
170 3055 319 3132 nuptiarum
334 3057 567 3139 prohibitione,
585 3076 642 3120 seu
654 3057 900 3130 incantionibus,
914 3074 991 3137 quas
1008 3041 1076 3119 iu'rc
1090 3073 1147 3119 suo
1163 3059 1264 3139 exigit

168 3151 189 3213 it
202 3154 402 3240 prohibitione
425 3167 491 3245 ipsa
508 3165 719 3244 peculiaribus
737 3168 766 3227 in
784 3166 910 3228 casibus
926 3181 1056 3244 gravem
1074 3163 1206 3246 aliquam
1224 3164 1262 3227 ob

137 3354 140 3359 Δ
167 3256 474 3348 causan-relaxanda,
499 3291 537 3336 eo
555 3280 643 3336 certe
666 3274 861 3355 potissimum
878 3275 1017 3352 spectat,
1043 3277 1074 3331 ut
1091 3269 1195 3334 divina
1211 3271 1262 3335 illa

138 3408 141 3413 ·
163 3360 202 3430 ¹⁰¹
217 3388 295 3442 sarta
313 3386 393 3443 tecta
411 3379 575 3442 habeatur.
602 3378 648 3441 hd
665 3378 920 3442 benedictionem
940 3394 1016 3441 voro
1035 3376 1116 3458 qnod
1135 3378 1263 3451 attinet,

160 3465 225 3547 laec
242 3488 362 3569 quidem
380 3487 540 3570 prohiberi
558 3489 650 3551 solita
668 3495 715 3549 est
732 3505 748 3548 a
771 3484 852 3549 Sede
868 3484 1048 3566 Apostolica
1065 3487 1096 3548 in
1113 3485 1151 3548 iis
1169 3488 1262 3550 etiam

155 3571 230 3655 inte,
255 3596 432 3659 Catholicos
450 3602 481 3657 et
496 3594 699 3659 acatholicos
726 3596 859 3676 nuptiis,
886 3610 966 3676 quae
992 3593 1154 3676 impetrata
1175 3593 1264 3659 Sedis

113 3684 119 3715 ''
151 3681 286 3766 θῙῐῐειάθιιι
314 3703 548 3783 dispensatione
574 3710 605 3764 et
631 3721 700 3764 cum
728 3703 929 3785 praescriptis
955 3704 987 3767 in
1013 3723 1049 3768 ea
1066 3705 1263 3769 cautionibus

144 3779 232 3874 licite
249 3815 411 3875 ineantur.
446 3809 591 3883 Quamvis
617 3817 719 3873 autern
744 3808 874 3875 tolerari
905 3811 1018 3877 deinde
1049 3815 1205 3901 potuerit,
1229 3820 1262 3875 ot
1322 3894 1324 3899 ,

113 3900 116 3905 ¹
139 3903 303 3982 '¹⁰¹¹nullis
320 3922 350 3982 in
367 3918 446 3982 locis
464 3936 531 3981 mos
548 3923 730 3980 servaretur
746 3917 805 3979 iam
816 3917 890 3981 inibi
902 3917 1044 3982 inductus
1055 3917 1283 3984 benedicendi

133 4011 350 4090 matrimoniis
376 4028 479 4090 mixtis
506 4043 575 4088 com
610 4025 781 4108 praedictis
807 4025 1006 4088 cautionibus
1033 4025 1264 4108 Ecclesiaequc

130 4115 238 4196 venia
264 4135 366 4210 initis3
391 4151 453 4197 non
481 4133 552 4196 ideo
580 4141 683 4195 tanen
699 4131 874 4196 benedictio
893 4131 1001 4195 eadem
1020 4131 1182 4196 toleranda
1206 4137 1266 4199 erit

127 4211 217 4303 aliis
243 4260 366 4326 quoquc
391 4243 422 4304 in
448 4240 591 4314 casibus,
616 4243 648 4305 in
674 4240 786 4323 quibos
811 4259 875 4304 non
901 4241 1061 4322 impetrata
1088 4243 1180 4304 venia
1208 4261 1265 4307 scu

123 4327 352 4430 ¹¹¹'descriptis
379 4353 415 4413 ab
440 4349 578 4412 Ecclesia
603 4339 799 4412 cautionibus
824 4349 947 4411 minime
965 4347 1111 4414 adhibitis
1128 4348 1228 4415 manif
1246 4383 1265 4397 ·

124 4431 229 4518 ειῑίιιι
244 4446 386 4540 idemque
403 4457 623 4540 gravissimum
640 4456 753 4540 inipso
772 4454 914 4522 adeundo
932 4457 1116 4523 matrimonii
1133 4456 1263 4520 loedere
