2798 4852
569 256 803 332 -590-
911 274 913 278 ·

32 461 36 466 ’
127 463 296 544 coniugum
313 466 375 523 tum
393 475 470 541 erga
488 457 673 521 seinvicem
690 461 752 518 tuna
772 471 850 538 erga
868 452 975 536 proles
992 447 1152 531 eredere,
1181 468 1253 517 sen-

128 571 186 631 tire
204 576 236 631 et
251 565 322 631 iidei
339 581 438 629 verae
449 563 650 627 conformiter
667 579 765 645 agere
782 565 930 644 oporteat
940 581 949 638 ;
974 578 1036 641 qua
1054 559 1152 622 animi
1167 576 1254 640 prac-

78 679 80 683 ’
127 660 287 760 paratione
312 673 464 756 coniuges
480 672 520 736 ad
537 677 625 736 matr.
643 675 868 734 sacramentum
894 667 991 752 digne
1015 666 1254 751 suscipiendam

128 786 300 858 accedere,
325 799 426 866 quave
451 781 543 844 anirni
569 782 683 861 pietate
709 777 873 861 augendae
900 776 1112 841 sanctificanti
1131 778 1253 859 gratiae

9 937 16 948 ‚
69 880 72 894 ’
129 893 239 956 intenti
256 909 328 954 esse
355 888 507 967 debeant-3
532 890 610 952 baec
638 905 712 951 vero
730 889 832 951 omnia
849 903 886 950 ea
903 883 1093 950 assiduitate
1111 882 1253 949 fidelibus

16 1047 22 1062 ,
128 998 331 1083 proponenda
357 1011 446 1070 esse,
473 1002 507 1060 ut
532 998 565 1058 in
590 1013 698 1059 eorum
724 995 835 1058 animis
861 992 964 1056 firmas
990 991 1122 1056 radices
1150 997 1255 1074 agant,

130 1109 279 1188 ipsosque
294 1105 393 1187 probe
415 1105 552 1186 cognitis
563 1105 689 1168 sanctis
707 1101 936 1167 catholicorum
955 1103 1133 1185 coniugum
1150 1098 1254 1164 officiis

130 1210 168 1275 ad
186 1211 294 1276 eadem
311 1214 369 1275 rite
385 1209 538 1294 implenda
565 1225 685 1293 pronos
701 1208 919 1291 proclivesque
935 1206 1092 1285 reddant;
1113 1210 1142 1272 si
1160 1215 1255 1272 autem

131 1319 179 1383 bis
197 1339 260 1384 non
286 1318 481 1383 obstantibus
506 1317 648 1383 nonnulli
670 1320 765 1386 mixta
784 1317 977 1382 matrimonia
993 1317 1078 1381 inire
1096 1321 1253 1398 cuperent,

51 1478 55 1485 .
100 1455 105 1466 ¹
132 1428 243 1492 iisdem
259 1427 299 1488 ob
317 1427 426 1492 oculos
442 1433 594 1510 ponatur,
612 1445 703 1509 quarn
718 1425 855 1491 salutare
872 1427 914 1490 sit
929 1441 986 1506 pro
1008 1423 1169 1507 religiosa
1185 1442 1256 1507 pro·

126 1535 206 1613 ⁷lium
222 1535 427 1622 educatione,
453 1538 480 1599 si
496 1537 555 1618 ipsi
580 1541 726 1616 parentes
752 1536 845 1599 unius
872 1521 1077 1614 eiusdemque
1104 1534 1170 1597 sint
1185 1530 1256 1597 reli-

79 1646 105 1725 ‚¹
134 1642 257 1724 gionis,
284 1647 315 1706 et
341 1648 486 1724 qnantum
511 1641 670 1704 imnrineat
696 1639 947 1705 indifferentismi
965 1640 1165 1722 perieulum,
1191 1640 1255 1704 dum

79 1773 81 1777 ¹
135 1756 166 1812 et
181 1755 331 1832 parentes
348 1727 379 1811 et
394 1749 501 1830 proles
518 1747 673 1812 diversam
690 1754 865 1831 sequuntur
880 1747 1090 1831 religionem:
1109 1767 1171 1832 per
1185 1748 1258 1812 baec

136 1857 253 1921 monita
271 1857 394 1920 Curatis
411 1859 489 1920 meis
501 1855 570 1919 data
591 1873 653 1921 non
665 1856 747 1921 aliud
771 1857 924 1937 praestiti,
954 1875 1047 1939 quarn
1074 1857 1163 1939 quod
1188 1857 1258 1921 alia·

133 1982 200 2029 rum
217 1981 342 2045 quoque
359 1964 597 2029 confessionum
615 1965 757 2030 asseclae
774 1964 877 2045 quoad
893 1947 1104 2029 suos'facere
1122 1982 1256 2030 eonsue-

136 2080 268 2146 verunt,
295 2071 367 2136 dur'n
385 2072 513 2137 eosdem
531 2071 720 2148 admonent,
751 2092 790 2138 ne
817 2073 933 2155 absque
949 2072 1085 2137 consilio
1105 2080 1140 2136 et
1163 2073 1260 2136 debita

1 2174 3 2179 ’
104 2256 107 2261 ¹
134 2182 308 2244 attentione
343 2181 381 2243 ad
408 2179 637 2259 matrimonium
670 2180 857 2256 convolent,
890 2180 972 2262 quod
997 2182 1090 2263 ipsos
1118 2179 1258 2263 infelices

134 2285 268 2351 reddere
284 2290 395 2369 possit.
420 2288 509 2363 Quod
535 2293 637 2352 autem
662 2289 710 2352 bis
736 2289 862 2354 monitis
879 2287 992 2373 nullam
1009 2277 1122 2372 legem
1139 2288 1256 2354 civilem

66 2406 71 2414 '
137 2393 338 2474 violaverim,
364 2415 435 2459 cum
466 2416 506 2459 ex
531 2399 597 2479 ipsa
622 2396 668 2460 rei
692 2396 838 2471 natura,
857 2403 921 2460 turn
945 2395 1017 2460 inde
1043 2399 1142 2460 etiam
1170 2401 1258 2479 patet,

137 2503 219 2584 quod
235 2500 328 2566 clero
355 2503 515 2568 catholico
532 2503 613 2567 nulla
632 2503 705 2588 lege
721 2505 907 2585 prohibitum
924 2506 982 2578 sit,
1006 2504 1122 2568 fideles
1141 2523 1217 2569 suos
1231 2505 1258 2568 in

137 2609 232 2674 rebus
252 2609 323 2673 fidei
340 2612 519 2685 instruere,
538 2613 598 2675 into
616 2614 641 2674 si
660 2619 800 2675 exstaret
816 2611 866 2673 lex
883 2613 939 2675 sub
957 2619 1130 2703 praetextu
1148 2631 1258 2696 prose·

137 2718 249 2799 lytisrni
266 2719 296 2781 id
312 2720 499 2798 prohibens,
526 2720 594 2782 talis
613 2726 767 2802 tamquam
782 2728 951 2802 praecepto
964 2716 1153 2784 Servatoris
1179 2721 1255 2801 „do-

138 2832 209 2888 cete
235 2843 344 2890 omncs
370 2810 504 2907 gentes,
539 2827 668 2890 servare
695 2847 751 2900 ea,
778 2846 858 2909 quae
876 2827 1018 2890 mandavi
1035 2828 1153 2890 vobis“
1169 2847 1259 2912 repu-

140 2950 241 3014 gnans
259 2953 297 2997 eo
315 2936 384 3016 ipso
410 2935 498 2997 irrita
524 2941 555 2998 et
582 2952 679 2998 sensu
695 2931 785 2998 etiarn
804 2942 860 2997 art.
879 2934 918 2996 t:
950 2933 1046 2998 1744.
1077 2937 1260 3020 invigoroso

139 3043 264 3104 censeri
281 3039 400 3104 debeat.
420 3042 567 3106 Ceterum
585 3043 623 3105 ad
639 3043 759 3106 'calcem
769 3042 958 3125 Encyclicae
970 3046 1116 3109 commisi
1134 3044 1260 3115 Curatis.

138 3154 170 3209 ut
186 3149 266 3227 parti
283 3148 456 3212 catholicae
473 3157 562 3212 matr.
581 3151 708 3213 mixtura
726 3152 806 3215 inire
823 3150 942 3215 volenti
958 3150 1135 3227 declarent,
1154 3153 1260 3228 eidem,

139 3256 164 3316 si
183 3252 412 3320 conditionibus
429 3255 465 3320 ab
483 3255 626 3322 Ecclesia
644 3259 730 3322 Calli.
750 3260 908 3340 requisitis
935 3259 1128 3326 satisfacere
1144 3281 1258 3327 renue-

115 3361 195 3441 rit,
230 3361 480 3428 benedictionem
505 3366 587 3430 baud
613 3365 866 3447 impendendam,
899 3366 1133 3436 matrimonium
1166 3376 1260 3434 tamen

138 3474 238 3532 ratum
263 3470 351 3543 lore,
384 3474 446 3538 tale
471 3494 534 3539 non
560 3474 725 3556 impediri,
753 3482 783 3537 et
809 3477 894 3559 ipsas
909 3472 1035 3559 quoquo
1054 3478 1168 3560 proles
1185 3479 1261 3541 omni

98 3637 106 3643 ,
145 3575 216 3640 iure
233 3576 390 3659 legitimas
412 3582 541 3645 futuras.
562 3615 599 3627 -
621 3582 694 3646 Cum
720 3584 815 3666 igitur
832 3590 930 3647 toturn
948 3583 988 3654 id,
1008 3585 1095 3666 quod
1114 3586 1146 3650 in
1164 3586 1261 3667 liaev-

54 3672 57 3677 ‘
139 3682 218 3746 elica
244 3703 312 3747 mea
340 3690 536 3762 continetur,
562 3690 604 3754 nil
633 3691 691 3754 nisi
724 3689 985 3768 admonitionem,
1012 3690 1216 3769 doctrinam,
1239 3699 1264 3753 et

138 3791 228 3855 ritum
247 3808 370 3855 sacrum
403 3813 458 3875 pro
484 3794 609 3858 obiecto
637 3796 770 3860 habeat:
795 3796 974 3861 infirndatae
1001 3816 1083 3862 sane
1108 3808 1182 3865 sunt
1200 3798 1264 3864 illae

139 3897 424 3977 expostulationes,
451 3920 531 3982 quae
555 3911 665 3968 contra
682 3924 731 3968 mc
748 3925 811 3970 non
828 3909 929 3971 minus
955 3925 993 3968 ae
1020 3906 1153 3973 Clarum
1171 3924 1263 3973 meum

140 4020 197 4082 per
213 4005 383 4070 Comitatus
401 4012 579 4090 propositae
603 4015 749 4077 existunt.
776 4012 942 4096 signanter

230 4222 259 4282 5.
277 4223 422 4294 Quamvis
450 4227 559 4308 negari
576 4244 637 4291 non
663 4231 782 4310 possit,
807 4231 888 4295 inter
905 4229 996 4314 leges
1014 4230 1263 4301 fundamentales

143 4320 391 4395 Transsilvaniae
408 4339 438 4396 et
460 4333 637 4417 ilungariae
664 4337 863 4402 essentialem
880 4341 1089 4406 intercedere
1118 4343 1264 4409 differen-

146 4434 236 4512 tiam,
255 4443 347 4517 prout
362 4440 393 4502 id
416 4442 583 4509 Comitatus
600 4443 793 4511 liolosiensis
819 4448 985 4527 observat3
1011 4456 1161 4535 quamvis
1179 4468 1265 4538 porro
