2798 4852
540 277 798 377 2-aae-
877 357 882 372 ,
975 236 1024 297 ·’

13 507 17 516 ·
76 511 79 516 ·
111 495 176 549 tum
193 468 473 547 tibertus'rorione
489 472 687 541 educationis
700 473 838 552 prolium
853 486 989 534 suumne
1002 486 1063 549 per
1079 467 1229 530 merso·

98 593 158 670 fles
175 586 337 671 coarctari
347 581 487 647 dieitur!
512 580 652 655 sindesi
667 580 843 641 irruslricta
859 576 990 651 libebias
1006 573 1229 641 educandorum

19 688 24 699 ’
114 698 146 759 in
161 709 347 774 quacunque
364 688 520 770 religione
537 687 688 768 prolium,
715 691 779 746 tum
797 681 1125 761 baeo'uniee.·patrem
1143 685 1241 740 cren·

8 827 12 833 ’
63 826 70 836 ·
116 802 365 883 gelicumpctest
380 796 552 879 respicere.
576 790 667 855 Etsi
688 790 910 873 tiberinensi,
937 782 1119 851 miticebot
1135 783 1247 847 itii-aii.

116 904 347 970 concedendam
373 900 511 982 prolibus
539 897 723 979 catholicam
750 886 985 970 educationem
1028 910 1128 957 secus
1149 894 1233 955 enim

18 1002 23 1013 “
87 1012 303 1089 ,,οοαοιίο·θῑ
329 1009 523 1078 necessitas,
550 1022 630 1086 qua-e
646 1004 823 1067 libertatem
849 1000 1006 1078 excludit,
1033 1007 1124 1063 esset
1147 1000 1236 1093 patris
1265 996 1272 1020 ⁸

77 1150 82 1158 ·
116 1117 296 1197 euangelici
309 1114 415 1196 proles
441 1098 516 1176 suas
541 1115 572 1175 in
590 1128 647 1175 sua
671 1110 831 1191 religione
856 1106 1021 1175 educandi.
1047 1106 1144 1169 Istam
1171 1116 1236 1168 rerb

113 1222 311 1296 libertatem,
338 1238 417 1301 quae
436 1221 588 1283 asseritur
606 1219 686 1299 patri
704 1214 913 1300 evangelieo,
936 1198 1052 1298 sponsa
1070 1206 1131 1276 seu
1147 1205 1238 1273 mter

118 1329 273 1392 carnotim
290 1328 426 1412 nec'sibi
443 1308 589 1389 vendicat
600 1342 611 1398 3
624 1325 739 1404 ,neque
765 1310 967 1404 eprincipi'is'
985 1316 1155 1401 religionis
1163 1332 1238 1378 suae

119 1435 179 1498 sibi
193 1431 576 1515 potest·uendioare,·iure
594 1429 720 1506 divino,
745 1427 880 1505 naturali
895 1414 1090 1509 etpositiro
1107 1424 1244 1506 obligata·

105 1533 159 1601 ¹ad
175 1557 264 1607 omrle
281 1534 390 1602 salutis
401 1535 541 1619 ⁴prolium
556 1553 680 1598 suarum
691 1530 1011 1598 'discrimensollicite
1028 1528 1237 1608 amovendam,

118 1644 256 1725 obligata
273 1643 395 1722 legibus
411 1640 575 1703 Ecclesiae
592 1641 725 1703 susead
741 1641 847 1720 proles
865 1656 938 1703 suas
952 1636 999 1719 in
1012 1626 1250 1705 fide·catholiea'

120 1746 308 1822 educandas,
318 1746 365 1815 ed
377 1746 560 1827 explendam
572 1749 811 1827 promissionem
821 1760 1072 1834 persponsores,
1084 1742 1160 1806 dum
1169 1758 1238 1824 pro·

62 1912 68 1921 .
95 1852 99 1857 ’
121 1855 167 1920 les
184 1870 238 1934 per
254 1855 414 1916 lavacrum
431 1855 686 1932 regenerationis
702 1855 747 1916 iu.
759 1852 840 1916 ilios
851 1870 855 1895 ³
867 1861 899 1916 et
916 1852 1053 1935 membra
1080 1838 1246 1913 Ecclesiae

60 1991 63 2002 ·
122 1959 559 2039 Catholicaeeooptabantur,
575 1959 688 2021 iactam
705 1960 956 2042 et'aeeeptatam.
981 1960 1016 2020 ln
1041 1956 1104 2021 hac
1129 1954 1240 2037 priuci-

15 2136 19 2145 ,
44 2116 54 2124 .
122 2065 474 2148 piorumdirersitate,
500 2065 573 2128 dum
598 2073 688 2145 pater
711 2060 915 2149 evangelicus
942 2063 1126 2128 libertatern·
1147 2055 1240 2137 habet,

11 2191 14 2195 ·
120 2175 213 2236 matri
229 2187 305 2233 vero
322 2171 667 2253 catholieaeobiigitio
683 2170 833 2236 incumbit
846 2168 955 2255 proles
971 2173 1003 2234 iu
1013 2168 1174 2233 catholiea
1187 2184 1237 2229 re-

33 2317 39 2333 .
119 2277 241 2358 ligioue
257 2274 430 2341 educandi:
446 2293 503 2356 per
519 2276 710 2340 Reversale's
727 2279 821 2341 unius
839 2279 1063 2363 eonscientiae
1091 2272 1240 2340 succurri·

119 2389 202 2459 tur„
217 2381 348 2446 alterius
365 2398 427 2443 uon
442 2382 597 2457 laeditur,
621 2384 845 2467 principiisque
869 2382 1241 2467 religioma'riis-neutriut

11 2482 16 2493 ⁴
104 2490 216 2570 'partis
234 2491 423 2552 contrarium
439 2490 595 2570 quidpiam
613 2492 715 2571 agitur
725 2493 807 2569 ;·has
826 2491 913 2554 velut
928 2484 1242 2553 salularos'retineu·

123 2594 182 2657 das
195 2598 501 2676 esseoonsequirur.
519 2632 564 2645 —-
580 2597 746 2671 assertum
763 2598 857 2662 illud:
874 2599 959 2679 quod
970 2597 1161 2659 decertatos
1176 2614 1243 2657 eeu·

62 2741 65 2748 ,
124 2711 182 2763 ortt
197 2704 405 2766 discretionis
420 2706 522 2767 asinos
538 2703 739 2784 attingendam
756 2707 901 2767 naturali
916 2722 955 2766 ce
972 2705 1069 2782 tepuit
1086 2705 1159 2765 iure
1170 2698 1243 2784 opti-

124 2827 206 2870 mum
222 2828 319 2889 quom
333 2814 489 2889 perspicit
505 2829 575 2872 esse
591 2813 778 2892 religionem
794 2810 954 2892 emeandi,
973 2810 1135 2890 patentem
1152 2811 1242 2892 aperit

125 2932 265 2994 campum
284 2914 323 2976 ad
340 2913 635 2982 indifferentismum
651 2917 900 2999 religionarium.
925 2914 958 2979 Si
984 2915 1245 2994 adolescentibus,

4 3046 8 3053 ·
126 3019 201 3082 dum'
214 3020 414 3084 discretionis
430 3039 541 3093 annos,
554 3040 613 3085 seu
625 3028 739 3086 aetads
751 3041 826 3086 suae
840 3021 954 3085 lS-um
967 3023 1147 3103 attigerint,
1164 3030 1247 3086 natu·

125 3125 184 3188 rali
197 3135 228 3188 et
244 3126 337 3207 legali
355 3128 406 3200 (i)
427 3132 495 3192 iure
512 3128 643 3191 liberum
661 3136 710 3191 est
727 3132 818 3209 sequi
833 3129 1035 3210 religionem,
1053 3147 1149 3209 quam
1165 3129 1245 3211 quis·

99 3220 185 3311 'que
202 3235 348 3313 optimam
372 3236 594 3316 perspexerit:
621 3254 691 3299 cum
718 3235 838 3298 lubrica
867 3237 926 3298 ista
952 3242 1042 3298 aetas
1067 3240 1201 3300 maxime
1223 3235 1249 3294 iu

29 3337 34 3348 '
93 3330 288 3416 ¹'sensuales
305 3339 482 3419 voluptates
499 3347 530 3402 et
546 3340 731 3422 cupiditates
769 3342 981 3423 propendeat,
1007 3359 1045 3403 ac
1061 3341 1251 3405 idcircoearu

125 3441 329 3522 religionem,
348 3456 427 3523 quae
448 3445 600 3508 sensibus
613 3451 749 3511 maxime
765 3449 889 3521 faveat,
907 3465 965 3527 pro
981 3445 1100 3528 optima
1118 3451 1248 3515 habitura

127 3548 176 3618 sit,
193 3549 263 3609 iure
281 3551 389 3629 utique
409 3552 546 3615 naturali
573 3561 605 3615 ei
631 3552 726 3636 legali
744 3554 849 3618 licebit
879 3555 925 3617 eis
944 3556 1039 3615 etiam
1055 3555 1250 3620 llubameda-

59 3701 64 3713 .
126 3668 205 3721 nam,
222 3653 391 3726 ethnicam,
411 3657 596 3730 naturalem,
608 3659 663 3722 eut
681 3679 759 3731 eam,
773 3680 862 3741 quarn
879 3662 1087 3740 quisqueslbi
1106 3664 1165 3744 ipsi
1180 3664 1249 3727 sub-

128 3752 271 3820 iectirar'n
296 3759 521 3835 efformarent,
548 3766 654 3843 sequi!
672 3765 784 3829 Stante
801 3770 862 3830 isto
880 3768 1014 3830 naturali
1032 3785 1071 3831 ac
1088 3768 1184 3853 legali
1193 3773 1249 3833 iure

47 3872 51 3880 '
128 3865 226 3923 omnis
244 3865 328 3926 circa
348 3867 481 3945 prolium
499 3867 715 3934 educationem
732 3871 837 3954 legum
863 3873 1005 3955 provisio
1023 3876 1202 3955 superflua,
1224 3881 1251 3938 et

127 3984 203 4026 cura
220 3978 386 4048 pareutum
404 3972 472 4035 iure
490 3975 624 4039 naturali
643 3985 674 4039 et
691 3978 798 4043 diuino
825 3982 960 4060 positivo
970 3960 1077 4060 quoad
1097 3983 1248 4047 educatio·

131 4086 201 4129 nem
216 4074 402 4139 incumbens
418 4080 518 4143 inanis
537 4088 568 4144 et
584 4100 822 4163 supervacanea
840 4094 898 4159 est,
925 4087 956 4151 si
969 4087 1136 4167 prolibus,
1162 4090 1249 4171 utpri·

131 4187 212 4230 mum
228 4173 428 4246 discretionis
445 4201 559 4249 annum
577 4189 751 4272 attigerint,
775 4195 824 4256 ius
841 4193 984 4256 naturale
1002 4201 1036 4256 et
1050 4194 1160 4279 legale
1176 4210 1249 4258 eom·

132 4276 227 4386 petet,
244 4293 311 4344 cum
330 4285 499 4353 Praetexta
517 4295 655 4361 iactandi
673 4299 872 4381 religionem,
891 4317 1037 4379 eamque,
1055 4303 1246 4385 quaeplaet·

133 4378 207 4446 0¹¹⁸,
223 4382 253 4436 et
268 4388 378 4462 optima
415 4395 587 4479 ridebitur,
603 4404 766 4483 sequendi.
791 4403 987 4489 contingere
1005 4409 1113 4489 itaque
1138 4407 1242 4493 poterit,
