2798 4852
576 207 836 361 ss-cc-ff.
959 344 964 351 .

107 458 479 544 niqucssonstitutiones
503 458 698 537 Summarum
713 438 895 536 Pontificum
911 457 1119 547 praecipiunt
1127 459 1225 531 anina

127 586 194 632 rum
211 568 429 646 curatoribus,
452 575 487 632 ut
502 587 520 632 a
537 564 649 648 nuptiis
667 564 792 639 mixtis,
813 583 899 647 ¹quae
915 582 978 629 non
995 565 1168 653 obseruatis
1180 561 1229 627 Ec·

131 674 247 739 clesiae
263 675 462 741 cautionibus
480 673 726 745 contrabuntur,
752 687 815 735 non
840 672 933 736 modo
951 673 1067 754 qdoois
1082 673 1144 737 ritu
1158 687 1231 735 sacro

129 781 374 846 cohonestandis
389 782 587 855 abstineant,
611 778 666 842 sed
684 781 774 843 etiam
791 787 925 843 caveant
942 781 980 843 ab
998 781 1169 871 omniactu
1184 777 1232 852 nl,

71 878 77 885 ’
132 904 193 970 quo
210 889 386 972 approbare
401 890 470 963 illas
488 889 681 952 viderentur.
704 914 707 918 “

219 999 263 1071 ο)Ι
285 994 483 1073 Qualesnam¹
503 995 619 1075 mixtae
649 993 814 1083 religionis
845 994 987 1076 sponsis,
1020 994 1235 1059 matrimonium

130 1103 248 1184 absque
264 1087 596 1183 cautelisllcclesiac,
621 1101 676 1166 ubi
689 1103 813 1183 passiva
824 1108 939 1165 tantum
949 1101 1139 1167 assistentia
1154 1118 1234 1195 paro·

130 1210 180 1273 chi
195 1210 430 1275 locumbabero
438 1216 570 1294 potest,
595 1209 823 1284 contracturis,
841 1210 869 1272 si
889 1209 963 1273 alibi
981 1208 1129 1293 copulari
1144 1209 1233 1281 velint

130 1315 197 1381 dari
217 1317 358 1405 debeant
383 1317 635 1394 dimissoriales?
658 1314 693 1381 ln
718 1318 776 1381 bis·
792 1315 915 1399 quidem
932 1315 1159 1382 Districtualos
1174 1334 1236 1381 ncr-

130 1442 209 1487 mam
225 1424 258 1488 in
274 1424 486 1491 circularibus
511 1422 680 1507 Eppalibus
696 1425 887 1489 Ratisbonae
903 1422 954 1486 dd.
981 1406 1033 1488 lb.
1048 1424 1139 1506 Sept.
1157 1420 1236 1487 ibid

131 1530 308 1607 adClerum
325 1530 461 1596 dimissis
482 1533 708 1614 praescriptam
725 1529 893 1597 tenendam
909 1547 984 1594 esse
1000 1537 1157 1606 censent,
1173 1545 1236 1612 quac

132 1643 181 1701 est
196 1637 287 1701 huius
313 1639 448 1701 tenoris:
473 1637 658 1720 „sponsalia
683 1641 765 1703 inter
790 1618 831 1701 N(
853 1636 890 1699 N.
914 1643 944 1700 et
960 1637 987 1700 N
1003 1637 1041 1699 N.
1060 1637 1139 1702 inita
1155 1637 1237 1701 tribus

114 1743 288 1821 ¹distinctis
313 1745 434 1822 vicibus
460 1747 492 1809 in
517 1739 661 1810 Ecclesia
685 1744 861 1810 Parocbiali
878 1743 914 1807 N.
932 1743 1129 1810 denunciato
1145 1744 1237 1813 fuine

133 1849 313 1931 nullumque
337 1858 427 1915 extra
452 1849 583 1915 vetitum
604 1850 769 1915 Ecclesiae
785 1851 826 1915 ob
842 1850 1032 1934 religionem
1049 1852 1179 1916 mixtam
1192 1853 1237 1915 ia·

136 1957 347 2046 pedimentum
363 1959 546 2023 canonicum
572 1977 613 2022 ex
637 1965 727 2041 parte
751 1960 859 2041 sponsi
884 1961 1056 2040 (sponsae)
1073 1940 1239 2031 innotuisse,

136 2066 194 2128 sub
210 2065 316 2148 sigillo
332 2065 514 2145 parochiali,
532 2073 564 2130 et
578 2067 726 2150 propriae
742 2083 850 2131 manus
867 2067 1104 2149 subscriptione
1120 2062 1236 2131 testor.“

135 2172 241 2236 Utrum
266 2189 343 2247 vero
374 2180 447 2254 post
476 2160 605 2238 verbum
637 2176 780 2256 „testorff
812 2172 882 2238 addi
911 2175 1031 2254 possint
1056 2156 1154 2239 etiam
1179 2174 1240 2237 baec

131 2281 246 2345 verba:
278 2287 394 2361 „atque
425 2298 482 2344 suo
514 2279 605 2346 modo
638 2279 830 2363 copulandos
856 2281 1007 2355 dimitto“‚
1040 2280 1095 2357 vel
1120 2283 1238 2345 rectius:

131 2394 246 2468 „atque
263 2405 372 2450 norma
384 2389 416 2451 in
428 2388 712 2452 constitutionibus
728 2388 899 2453 Pontificiis
913 2407 973 2467 pro
988 2405 1068 2453 casn
1084 2391 1237 2472 praesenta

131 2495 329 2574 praescripta
342 2511 398 2574 per
414 2497 582 2576 parocbum
601 2496 903 2560 concernentemeis
914 2495 1085 2561 assistendi
1103 2496 1239 2563 dimitto‘i

133 2608 227 2682 prout
243 2600 336 2681 aliqui
353 2602 486 2665 volunt?
512 2623 580 2666 cum
597 2607 627 2667 in
643 2602 856 2667 instructione
878 2604 917 2667 ad
935 2604 1060 2667 Archi·
1072 2611 1106 2667 et
1125 2603 1238 2685 Episcc·

131 2727 188 2788 pos
205 2707 353 2772 Bavariae
370 2707 466 2772 Roma
478 2710 607 2772 dimissa
625 2707 656 2788 a)
677 2728 781 2774 merae
792 2718 910 2774 tantum
927 2711 1039 2774 literae
1057 2712 1239 2775 testimonia·

131 2817 178 2889 les
195 2816 233 2878 de
249 2816 341 2878 sactis
357 2817 664 2897 proclamationibus,
681 2824 712 2880 ct
728 2817 813 2882 nullo
824 2819 1031 2882 subversante
1049 2818 1113 2882 alio
1131 2824 1239 2900 praeter

132 2914 260 2985 uetitum
274 2922 435 2987 Ecclesiae
452 2925 491 2986 ob
508 2923 695 3006 religionem
712 2925 836 2988 mixtam
847 2925 1069 3006 impedimento
1082 2923 1238 3010 dariprac·

132 3030 307 3111 cipiantur,
323 3028 504 3111 disertoque
522 3033 730 3114 exprimatur:
748 3032 859 3108 „nullo
872 3048 1005 3115 prorsus
1023 3032 1133 3098 addito
1149 3032 1238 3102 verbo,

65 3208 68 3213 ,
133 3159 173 3202 ex
193 3158 254 3219 quc
280 3156 454 3203 consensus
480 3147 534 3202 aut
558 3142 788 3221 approbationis
814 3139 866 3203 vel
888 3140 968 3204 levis
994 3141 1140 3221 suspicio
1166 3143 1235 3205 essct

131 3249 286 3311 oritura“:
311 3249 474 3330 gratiosae
499 3246 691 3314 lllustritatis
717 3251 800 3321 Vrae
817 3248 971 3313 decisioni
987 3230 1159 3314 hunrillime
1175 3247 1236 3312 sub·

131 3360 288 3423 sternunt.
849 3338 852 3342 ’

220 3462 259 3536 d)
291 3459 366 3525 Cum
392 3462 580 3527 Reversales
614 3481 709 3543 super
741 3464 931 3529 educatione
958 3464 1129 3547 utriusque
1159 3478 1235 3528 sexus

130 3567 259 3648 prolium
276 3565 308 3630 in
333 3569 497 3651 Religione
523 3569 686 3633 catholica
703 3588 759 3651 per
775 3589 913 3651 sponsos
931 3572 1128 3638 acatholicos
1146 3579 1235 3636 extra·

132 3675 199 3739 dari
216 3676 329 3739 solitae
347 3697 364 3738 e
381 3677 555 3742 rationibus
572 3678 603 3739 in
620 3676 789 3758 Encyclica
806 3677 882 3741 llltis
894 3680 976 3743 Vrac
988 3678 1149 3754 adductis,
1164 3680 1234 3762 prout
1278 3758 1280 3771 Ι

131 3764 324 3865 experientia
336 3784 438 3857 docet,
450 3801 514 3847 non
525 3800 649 3864 semper
661 3791 766 3865 optato
777 3785 971 3866 respondere
985 3787 1115 3851 soleant
1126 3787 1234 3852 effectu:

37 3968 42 3977 .
131 3909 169 3953 an
187 3907 250 3953 non
267 3889 433 3973 expediret
448 3898 510 3953 tam
527 3896 645 3971 partem
662 3891 869 3955 acatholicam
886 3900 960 3957 ante
978 3904 1175 3961 contractum
1188 3908 1233 3955 aa·

131 3999 309 4062 trimcnium
340 3997 529 4061 Reversales
561 4016 618 4079 per
650 3997 729 4061 duos
756 4006 809 4063 aut
834 4008 899 4064 tres
925 4009 1026 4066 testes
1060 4003 1233 4080 subscripto
1277 4032 1280 4097 4

132 4106 346 4169 extradantem
363 4122 468 4169 coram
493 4104 603 4170 iisdem
629 4107 762 4181 testibus
788 4110 971 4173 iuramento
993 4111 1191 4195 obstringere
1204 4102 1230 4167 od

116 4214 371 4289 'permittendum
404 4215 553 4294 compacti
584 4213 715 4278 liberum
746 4213 924 4282 Catholicae
944 4216 1132 4301 ,Religionis
1162 4228 1229 4281 usuu

202 4433 231 4502 ¹⁸)
251 4437 307 4490 vid.
328 4440 394 4494 Tom.
408 4445 433 4494 2.
448 4439 515 4494 Mon.
528 4442 590 4497 205.
603 4459 662 4513 pap.
678 4445 740 4498 291.
