2798 4860
511 231 881 377 7-5733

127 473 319 559 praecepto:
346 472 425 544 „Oai
451 471 624 536 Ecclesiam
650 491 713 536 non
739 470 890 549 audierit,
917 473 957 536 sit
972 473 1027 536 tibi
1044 473 1127 536 sicut
1144 447 1251 536 ethni·

126 579 185 641 c'as
202 585 235 640 et
260 578 475 659 publicanas“,
500 578 652 666 Ecclesia*
669 599 744 645 vero
761 579 919 644 delinivit:
944 580 998 658 „Si
1025 568 1094 663 qais
1126 580 1249 655 dixerit,

126 703 243 748 causas
269 686 509 750 matrimoniales
535 705 597 751 aon
623 695 769 767 spectare
795 687 834 750 ad
850 687 976 752 Jadiccs
993 687 1247 762 Ecclesiasticus,
1299 681 1302 685 ’
1350 723 1352 727 -

126 793 294 855 anathema
312 793 362 855 sit.
388 793 420 855 C.
438 794 520 856 Trid.
547 791 631 857 Sess.
650 794 703 855 24.
722 815 790 858 can.
814 796 884 858 12f‘
903 828 944 840 -
961 793 1106 875 Exempla
1124 800 1251 857 extero·

125 900 513 984 ramRegnormnfrastra
529 900 1061 985 adducaatarinprojectataelegis
1087 901 1250 964 favorem:
1341 901 1345 905 ’
1395 981 1398 988 Ι

128 1014 239 1071 notam
251 1010 364 1090 quippe
378 1015 446 1085 est,
463 1008 493 1070 in
507 1008 663 1090 plerisque
681 1028 790 1074 eoram
801 1009 1090 1090 perRevolationcs
1109 1026 1251 1092 magnam

125 1115 242 1177 factam
258 1113 357 1178 luisse
373 1132 478 1178 reram
495 1115 753 1193 conversionem,
781 1116 938 1198 multaque
963 1115 1076 1178 indicta
1093 1114 1249 1196 Religioni

128 1223 263 1285 vulnera
272 1245 280 1302 3
300 1221 371 1285 dein
398 1220 538 1301 exempla
557 1222 711 1285 eiusmodi
738 1223 769 1285 in
794 1221 913 1304 Regnis
939 1222 1075 1300 nostris,
1103 1239 1182 1305 qaaae
1200 1222 1252 1285 di·
1367 1278 1375 1285 „

128 1331 253 1392 stinctis
271 1335 334 1392 eta
357 1328 586 1393 Constitutione
621 1336 800 1394 exterorum
835 1329 1013 1411 Regnorum
1030 1330 1123 1411 plane
1142 1323 1249 1419 diver-

129 1438 173 1499 sis
201 1433 356 1518 regantar
380 1435 525 1518 legibus,
552 1444 582 1498 et
608 1436 640 1499 in
667 1436 777 1518 quibas
802 1437 892 1519 leges
919 1435 1155 1500 ecclesiasticae
1181 1453 1250 1498 cam

128 1543 274 1606 civilibus
307 1543 421 1624 passim
457 1543 555 1626 anniae
580 1543 766 1607 coniunctae
784 1551 872 1616 sant,
905 1544 1249 1609 inconsiderationem
1348 1547 1355 1609 s

129 1650 238 1714 venire
256 1657 422 1728 nequeant.

217 1866 305 1938 Quae
332 1883 400 1927 cam
425 1867 467 1929 ita
494 1868 574 1939 sint,
600 1872 632 1928 ct
657 1867 689 1929 ia
714 1867 945 1955 Transsilvania
966 1869 1136 1949 projectam
1163 1868 1243 1951 legis

127 1981 201 2037 tuno
219 1972 320 2036 solam
346 1973 382 2034 ad
409 1980 520 2035 statum
538 1974 619 2054 legis
637 1972 804 2056 quemllbet
821 1970 942 2037 Patriae
960 1974 1057 2036 civem
1076 1975 1244 2058 obligantis
1322 2023 1329 2033 .
1384 2023 1391 2038 .

127 2081 247 2143 elevari
272 2083 390 2161 possit,
422 2079 447 2141 si
473 2079 503 2142 id
532 2082 667 2143 omnium
695 2081 833 2144 Statuam
860 2099 1017 2145 consensa
1042 2091 1248 2164 proponatur,

129 2196 159 2250 et
176 2207 194 2248 a
213 2187 356 2269 Principe
375 2187 594 2265 confirmatam
612 2207 682 2271 cam
697 2206 793 2270 porro
808 2196 897 2269 parte
915 2209 955 2253 ex
977 2209 1037 2253 ana
1050 2191 1088 2252 de
1100 2187 1260 2271 Supremo,
1311 2183 1329 2224 ·'

128 2296 245 2357 Terrae
271 2294 413 2377 Principe
432 2296 555 2358 omnino
572 2299 706 2378 supponi
737 2303 850 2378 queat,
877 2297 963 2361 Illam
988 2318 1004 2360 a
1030 2295 1245 2361 Resolationi-

128 2401 310 2485 pasnagiis
329 2388 406 2484 erga
422 2402 576 2482 repetitim
593 2402 751 2467 substrata
764 2412 931 2486 praetensa
948 2405 1150 2486 religionaria
1167 2420 1246 2487 gra-

127 2509 269 2582 vamina,
296 2527 332 2571 ac
350 2511 379 2572 in
397 2510 443 2572 his
463 2511 553 2571 etiam
571 2510 673 2588 quoad
691 2513 788 2575 mixta
805 2512 1000 2575 matrimonia
1018 2509 1109 2575 editis
1121 2516 1133 2588 ‚¹
1156 2520 1248 2594 atque

124 2617 216 2695 juxta
241 2618 336 2679 verba
352 2617 504 2697 Rescripti
521 2617 720 2681 Revocatorii
750 2617 880 2698 Josephi
897 2618 935 2681 ll.
953 2616 1096 2682 Caesaris
1113 2636 1181 2681 cam
1199 2619 1252 2682 le-.

127 2727 221 2808 gibus
247 2724 346 2804 Regni
382 2741 481 2805 aeque
508 2732 545 2787 aa
572 2725 689 2788 iustitia
716 2726 849 2789 natarali
875 2726 966 2806 plene
998 2725 1245 2807 congruentibus
1315 2740 1318 2745 ’

126 2832 211 2896 haud
245 2833 334 2894 aliter
364 2849 582 2905 recessuram,
615 2850 705 2914 qaam
738 2835 765 2895 si
796 2835 923 2913 praevie
955 2839 1115 2897 ostensum
1147 2833 1252 2907 inerit,
1297 2886 1301 2895 ,

125 2919 298 3009 antedictas
324 2937 547 3005 Resolationes
572 2937 687 3018 Regias
704 2946 735 2999 et
751 2941 785 3018 in
802 2940 956 3020 principio
974 2955 1031 3002 sao
1051 2940 1111 3002 iam
1128 2941 1257 3023 legibus

122 3052 250 3113 Patriae
267 3044 418 3111 adversas
436 3046 544 3119 luisse,
567 3053 597 3107 et
614 3044 706 3108 bodie
723 3046 762 3108 iis
779 3047 953 3119 adversari,
971 3047 1001 3109 id
1021 3055 1122 3110 autem
1141 3053 1250 3113 sumtis

122 3157 158 3222 in
177 3156 313 3219 debitam
331 3154 561 3216 discussionem
572 3153 715 3215 amnibus
732 3151 972 3216 Prolestantiam
986 3138 1255 3231 declarationibus

125 3275 160 3330 ct
177 3263 370 3346 argumentis
387 3275 451 3324 non
467 3268 584 3323 tan-tam
610 3260 903 3334 non'ostcndatar‚
930 3261 986 3323 sed
1013 3264 1117 3343 potius
1136 3263 1253 3326 claram
1326 3278 1330 3287 ·
1370 3342 1372 3349 ¹

127 3376 190 3447 sit,
218 3370 403 3455 gravamina
427 3369 549 3432 illoram
575 3359 786 3433 tantammodo
812 3371 1015 3450 praetensiva
1033 3387 1127 3444 esse,
1145 3377 1175 3433 et
1193 3370 1250 3433 mi-

126 3484 213 3546 nime
237 3476 353 3555 realia;
380 3486 467 3558 parte
494 3496 569 3540 vero
590 3497 636 3539 -ex
664 3477 724 3540 alia
750 3476 854 3540 Status
881 3477 1060 3540 Catholicas
1078 3476 1116 3538 ad
1133 3477 1206 3539 v'ota
1223 3485 1256 3540 et
1302 3536 1305 3540 Α

125 3591 273 3671 projecta
307 3586 545 3672 Protestantiam
573 3585 655 3648 baad
688 3602 783 3648 secas
815 3604 904 3668 qaam
939 3603 1008 3648 cam
1040 3582 1251 3666 abnegatione
1339 3596 1341 3600 ’
1388 3606 1391 3612 ·

127 3697 227 3779 partis
254 3693 449 3776 dogmatum,
482 3701 512 3755 et
538 3693 696 3756 interioris
720 3693 938 3757 Ecclesiastici
964 3690 1154 3776 Organismi-
1173 3709 1252 3756 con·
1301 3758 1303 3763 ,

101 3883 103 3887 Ι
131 3803 264 3866 lusione
284 3801 437 3864 accedere
463 3803 581 3880 possit3
614 3819 683 3862 oum
711 3797 847 3887 denique
873 3801 960 3863 iaxta
987 3797 1122 3862 disertas
1148 3798 1251 3880 legum
1353 3823 1355 3828 ·

128 3908 331 3981 sanctiones,
364 3908 445 3989 sign,
471 3907 553 3988 Trip.
581 3906 610 3966 P.
637 3903 674 3968 ll.
701 3909 745 3969 tit.
773 3907 824 3968 22.
853 3914 884 3968 et
909 3904 960 3968 82.
987 3922 1077 3968 nemo
1095 3907 1126 3968 in
1144 3905 1253 3968 eadem

118 4035 226 4092 ‚causa
244 4006 395 4078 et'ladex
413 4022 444 4076 et
462 4030 644 4096 apponens,
662 4032 698 4074 ac
715 4013 848 4093 proinde
867 4033 927 4077 nec
944 4011 1049 4076 Status
1067 4012 1251 4076 Protestana
1329 4016 1333 4027 '
1356 4021 1358 4025 '

129 4143 191 4208 qua
209 4125 325 4196 Actor,
353 4129 384 4184 ct
410 4122 512 4185 Status
529 4119 707 4183 Catholicae
734 4127 886 4201 tamquam
902 4137 960 4199 per
976 4118 1060 4182 illam
1079 4118 1109 4182 in
1128 4134 1254 4181 cuasam
1343 4155 1349 4162 ·

131 4237 289 4295 attractus
318 4229 348 4291 in
366 4246 420 4292 saa
432 4227 525 4291 c'ausa
538 4226 653 4290 iudices
671 4235 702 4290 et
719 4204 920 4309 opponentes
937 4205 1008 4290 esse
1025 4225 1168 4288 valeant:
1194 4226 1253 4299 his,

128 4342 276 4420 inquam,
311 4338 356 4400 sic
389 4336 541 4404 stantibus
573 4354 634 4398 aon
662 4343 808 4416 superest
841 4335 943 4406 aliud,
969 4351 1057 4414 qaam
1091 4320 1123 4395 at
1149 4328 1271 4403 statas)
1349 4335 1355 4349 ²

128 4447 233 4527 Regni
251 4447 291 4539 in
315 4444 345 4533 id
373 4442 588 4540 consentiant.
617 4462 677 4523 qao
703 4460 853 4529 personas
877 4442 1022 4527 diversae
1039 4441 1203 4525 roligionis
1221 4443 1251 4504 in
