<?xml version="1.0" encoding="UTF-8"?>
<!DOCTYPE html PUBLIC "-//W3C//DTD XHTML 1.0 Transitional//EN"
    "http://www.w3.org/TR/xhtml1/DTD/xhtml1-transitional.dtd">
<html xmlns="http://www.w3.org/1999/xhtml" xml:lang="en" lang="en">
 <head>
  <title>
</title>
<meta http-equiv="Content-Type" content="text/html;charset=utf-8" />
  <meta name='ocr-system' content='tesseract 3.04.00' />
  <meta name='ocr-capabilities' content='ocr_page ocr_carea ocr_par ocr_line ocrx_word'/>
</head>
<body>
  <div class='ocr_page' id='page_1' title='image "./dematrimoniismi00roskgoog_0374.png"; bbox 0 0 2798 4852; ppageno 0'>
   <div class='ocr_carea' id='block_1_1' title="bbox 503 266 811 341">
    <p class='ocr_par' dir='ltr' id='par_1_1' title="bbox 503 266 811 341">
     <span class='ocr_line' id='line_1_1' title="bbox 503 266 811 341; baseline -0.006 0"><span class='ocrx_word' id='word_1_1' title='bbox 503 266 656 341; x_wconf 75' lang='lat' dir='ltr'><strong>-tst</strong></span> <span class='ocrx_word' id='word_1_2' title='bbox 686 305 738 319; x_wconf 92' lang='lat'><strong>—-</strong></span> <span class='ocrx_word' id='word_1_3' title='bbox 808 332 811 339; x_wconf 92' lang='lat'><strong>.</strong></span> 
     </span>
    </p>
   </div>
   <div class='ocr_carea' id='block_1_2' title="bbox 103 458 1272 1084">
    <p class='ocr_par' dir='ltr' id='par_1_2' title="bbox 103 458 1272 1084">
     <span class='ocr_line' id='line_1_2' title="bbox 103 458 1172 548; baseline -0.011 -17"><span class='ocrx_word' id='word_1_4' title='bbox 103 465 363 548; x_wconf 81' lang='lat' dir='ltr'><strong>ltrlembergcnsis</strong></span> <span class='ocrx_word' id='word_1_5' title='bbox 389 464 492 529; x_wconf 85' lang='lat' dir='ltr'><strong>factae</strong></span> <span class='ocrx_word' id='word_1_6' title='bbox 518 471 629 539; x_wconf 81' lang='lat' dir='ltr'><strong>arant,</strong></span> <span class='ocrx_word' id='word_1_7' title='bbox 661 460 792 544; x_wconf 89' lang='lat' dir='ltr'><strong>amplum</strong></span> <span class='ocrx_word' id='word_1_8' title='bbox 817 458 981 544; x_wconf 89' lang='lat' dir='ltr'><strong>aperiebat</strong></span> <span class='ocrx_word' id='word_1_9' title='bbox 1011 475 1172 541; x_wconf 86' lang='lat' dir='ltr'><strong>campum,</strong></span> 
     </span>
     <span class='ocr_line' id='line_1_3' title="bbox 103 550 1171 654; baseline -0.009 -17"><span class='ocrx_word' id='word_1_10' title='bbox 103 590 188 639; x_wconf 79' lang='lat' dir='ltr'><strong>usum</strong></span> <span class='ocrx_word' id='word_1_11' title='bbox 203 574 400 638; x_wconf 84' lang='lat' dir='ltr'><strong>diversorum</strong></span> <span class='ocrx_word' id='word_1_12' title='bbox 423 574 661 654; x_wconf 74' lang='lat' dir='ltr'><strong>magistratuum</strong></span> <span class='ocrx_word' id='word_1_13' title='bbox 683 550 971 635; x_wconf 86' lang='lat' dir='ltr'><strong>ecclesiasticorum</strong></span> <span class='ocrx_word' id='word_1_14' title='bbox 987 565 1058 630; x_wconf 88' lang='lat' dir='ltr'><strong>istis</strong></span> <span class='ocrx_word' id='word_1_15' title='bbox 1074 565 1171 628; x_wconf 90' lang='lat' dir='ltr'><strong>terri-</strong></span> 
     </span>
     <span class='ocr_line' id='line_1_4' title="bbox 103 668 1169 764; baseline -0.006 -25"><span class='ocrx_word' id='word_1_16' title='bbox 103 681 139 744; x_wconf 86' lang='lat' dir='ltr'><strong>nii</strong></span> <span class='ocrx_word' id='word_1_17' title='bbox 151 682 284 764; x_wconf 87' lang='lat' dir='ltr'><strong>partibus</strong></span> <span class='ocrx_word' id='word_1_18' title='bbox 300 687 375 745; x_wconf 90' lang='lat' dir='ltr'><strong>tunc</strong></span> <span class='ocrx_word' id='word_1_19' title='bbox 392 681 543 763; x_wconf 79' lang='lat' dir='ltr'><strong>temporis</strong></span> <span class='ocrx_word' id='word_1_20' title='bbox 567 679 817 759; x_wconf 87' lang='lat' dir='ltr'><strong>praepositorum</strong></span> <span class='ocrx_word' id='word_1_21' title='bbox 834 674 983 738; x_wconf 88' lang='lat' dir='ltr'><strong>continuo</strong></span> <span class='ocrx_word' id='word_1_22' title='bbox 1001 668 1169 755; x_wconf 79' lang='lat' dir='ltr'><strong>gaudebat.</strong></span> 
     </span>
     <span class='ocr_line' id='line_1_5' title="bbox 103 774 1272 868; baseline -0.009 -18"><span class='ocrx_word' id='word_1_23' title='bbox 103 796 251 853; x_wconf 81' lang='lat' dir='ltr'><strong>occurento</strong></span> <span class='ocrx_word' id='word_1_24' title='bbox 268 794 341 852; x_wconf 90' lang='lat' dir='ltr'><strong>sunt</strong></span> <span class='ocrx_word' id='word_1_25' title='bbox 354 786 392 850; x_wconf 91' lang='lat' dir='ltr'><strong>ad</strong></span> <span class='ocrx_word' id='word_1_26' title='bbox 403 805 517 851; x_wconf 89' lang='lat' dir='ltr'><strong>aunum</strong></span> <span class='ocrx_word' id='word_1_27' title='bbox 527 802 630 868; x_wconf 89' lang='lat' dir='ltr'><strong>usque</strong></span> <span class='ocrx_word' id='word_1_28' title='bbox 644 781 738 847; x_wconf 72' lang='lat'><strong>1817.</strong></span> <span class='ocrx_word' id='word_1_29' title='bbox 749 798 940 864; x_wconf 87' lang='lat' dir='ltr'><strong>nonpaucae</strong></span> <span class='ocrx_word' id='word_1_30' title='bbox 950 780 1061 844; x_wconf 88' lang='lat' dir='ltr'><strong>literae</strong></span> <span class='ocrx_word' id='word_1_31' title='bbox 1071 777 1174 861; x_wconf 91' lang='lat' dir='ltr'><strong>publi·</strong></span> <span class='ocrx_word' id='word_1_32' title='bbox 1269 774 1272 781; x_wconf 84' lang='lat'>&#39;</span> 
     </span>
     <span class='ocr_line' id='line_1_6' title="bbox 103 882 1173 979; baseline -0.008 -22"><span class='ocrx_word' id='word_1_33' title='bbox 103 882 435 979; x_wconf 81' lang='lat' dir='ltr'><strong>raetprdmulgationes</strong></span> <span class='ocrx_word' id='word_1_34' title='bbox 451 895 490 957; x_wconf 90' lang='lat' dir='ltr'><strong>ab</strong></span> <span class='ocrx_word' id='word_1_35' title='bbox 506 894 668 976; x_wconf 85' lang='lat' dir='ltr'><strong>Episcopis</strong></span> <span class='ocrx_word' id='word_1_36' title='bbox 685 893 846 956; x_wconf 88' lang='lat' dir='ltr'><strong>extraneis</strong></span> <span class='ocrx_word' id='word_1_37' title='bbox 864 892 1019 964; x_wconf 89' lang='lat' dir='ltr'><strong>emissae,</strong></span> <span class='ocrx_word' id='word_1_38' title='bbox 1044 903 1173 970; x_wconf 92' lang='lat' dir='ltr'><strong>quarum</strong></span> 
     </span>
     <span class='ocr_line' id='line_1_7' title="bbox 103 996 1176 1084; baseline -0.008 -16"><span class='ocrx_word' id='word_1_39' title='bbox 103 1011 273 1084; x_wconf 77' lang='lat' dir='ltr'><strong>&#39;gementum</strong></span> <span class='ocrx_word' id='word_1_40' title='bbox 292 1023 333 1067; x_wconf 89' lang='lat' dir='ltr'><strong>ex</strong></span> <span class='ocrx_word' id='word_1_41' title='bbox 349 1004 590 1068; x_wconf 77' lang='lat' dir='ltr'><strong>collectionibus</strong></span> <span class='ocrx_word' id='word_1_42' title='bbox 604 1002 692 1082; x_wconf 89' lang='lat' dir='ltr'><strong>prelo</strong></span> <span class='ocrx_word' id='word_1_43' title='bbox 703 1000 830 1065; x_wconf 85' lang='lat' dir='ltr'><strong>excusis</strong></span> <span class='ocrx_word' id='word_1_44' title='bbox 840 1001 902 1063; x_wconf 91' lang='lat' dir='ltr'><strong>huc</strong></span> <span class='ocrx_word' id='word_1_45' title='bbox 914 998 1088 1062; x_wconf 86' lang='lat' dir='ltr'><strong>transferre</strong></span> <span class='ocrx_word' id='word_1_46' title='bbox 1103 996 1176 1060; x_wconf 92' lang='lat' dir='ltr'><strong>lon-</strong></span> 
     </span>
    </p>
   </div>
   <div class='ocr_carea' id='block_1_3' title="bbox 103 1106 1285 1191">
    <p class='ocr_par' dir='ltr' id='par_1_3' title="bbox 103 1106 1285 1191">
     <span class='ocr_line' id='line_1_8' title="bbox 103 1106 1285 1191; baseline -0.008 -17"><span class='ocrx_word' id='word_1_47' title='bbox 103 1112 383 1177; x_wconf 76' lang='lat' dir='ltr'><strong>ratorerbomiaus</strong></span> <span class='ocrx_word' id='word_1_48' title='bbox 394 1109 576 1191; x_wconf 87' lang='lat' dir='ltr'><strong>Episcopus,</strong></span> <span class='ocrx_word' id='word_1_49' title='bbox 591 1109 643 1190; x_wconf 93' lang='lat' dir='ltr'><strong>qui</strong></span> <span class='ocrx_word' id='word_1_50' title='bbox 654 1107 800 1176; x_wconf 84' lang='lat' dir='ltr'><strong>llioecesi</strong></span> <span class='ocrx_word' id='word_1_51' title='bbox 816 1106 1081 1189; x_wconf 81' lang='lat' dir='ltr'><strong>Rottenburgensi</strong></span> <span class='ocrx_word' id='word_1_52' title='bbox 1092 1120 1175 1167; x_wconf 87' lang='lat' dir='ltr'><strong>nunc</strong></span> <span class='ocrx_word' id='word_1_53' title='bbox 1282 1146 1285 1153; x_wconf 80' lang='lat'>·</span> 
     </span>
    </p>
   </div>
   <div class='ocr_carea' id='block_1_4' title="bbox 103 1211 1258 1942">
    <p class='ocr_par' dir='ltr' id='par_1_4' title="bbox 103 1211 1258 1942">
     <span class='ocr_line' id='line_1_9' title="bbox 103 1211 1174 1302; baseline -0.01 -21"><span class='ocrx_word' id='word_1_54' title='bbox 103 1227 191 1293; x_wconf 74' lang='lat' dir='ltr'><strong>&#39;aeest</strong></span> <span class='ocrx_word' id='word_1_55' title='bbox 209 1219 363 1302; x_wconf 90' lang='lat' dir='ltr'><strong>quondam</strong></span> <span class='ocrx_word' id='word_1_56' title='bbox 380 1217 554 1298; x_wconf 90' lang='lat' dir='ltr'><strong>complures</strong></span> <span class='ocrx_word' id='word_1_57' title='bbox 571 1235 628 1298; x_wconf 91' lang='lat' dir='ltr'><strong>per</strong></span> <span class='ocrx_word' id='word_1_58' title='bbox 645 1233 745 1280; x_wconf 90' lang='lat' dir='ltr'><strong>annos</strong></span> <span class='ocrx_word' id='word_1_59' title='bbox 762 1213 923 1279; x_wconf 89' lang='lat' dir='ltr'><strong>Catholico</strong></span> <span class='ocrx_word' id='word_1_60' title='bbox 935 1212 1075 1278; x_wconf 86' lang='lat' dir='ltr'><strong>Consilio</strong></span> <span class='ocrx_word' id='word_1_61' title='bbox 1093 1211 1174 1275; x_wconf 85' lang='lat' dir='ltr'><strong>Eccl.</strong></span> 
     </span>
     <span class='ocr_line' id='line_1_10' title="bbox 103 1318 1176 1407; baseline -0.001 -22"><span class='ocrx_word' id='word_1_62' title='bbox 103 1324 254 1407; x_wconf 91' lang='lat' dir='ltr'><strong>lscriptus,</strong></span> <span class='ocrx_word' id='word_1_63' title='bbox 278 1327 329 1406; x_wconf 93' lang='lat' dir='ltr'><strong>qui</strong></span> <span class='ocrx_word' id='word_1_64' title='bbox 359 1326 500 1388; x_wconf 87' lang='lat' dir='ltr'><strong>rationes</strong></span> <span class='ocrx_word' id='word_1_65' title='bbox 531 1321 620 1395; x_wconf 88' lang='lat' dir='ltr'><strong>illas,</strong></span> <span class='ocrx_word' id='word_1_66' title='bbox 646 1339 722 1404; x_wconf 90' lang='lat' dir='ltr'><strong>quas</strong></span> <span class='ocrx_word' id='word_1_67' title='bbox 753 1321 927 1403; x_wconf 81' lang='lat' dir='ltr'><strong>Collegium</strong></span> <span class='ocrx_word' id='word_1_68' title='bbox 952 1318 1035 1384; x_wconf 93' lang='lat' dir='ltr'><strong>istud</strong></span> <span class='ocrx_word' id='word_1_69' title='bbox 1061 1323 1176 1384; x_wconf 88' lang='lat' dir='ltr'><strong>sectari</strong></span> 
     </span>
     <span class='ocr_line' id='line_1_11' title="bbox 103 1418 1177 1519; baseline -0.002 -26"><span class='ocrx_word' id='word_1_70' title='bbox 103 1433 192 1508; x_wconf 84' lang='lat' dir='ltr'><strong>lebat,</strong></span> <span class='ocrx_word' id='word_1_71' title='bbox 208 1440 338 1519; x_wconf 76' lang='lat' dir='ltr'><strong>strenue</strong></span> <span class='ocrx_word' id='word_1_72' title='bbox 352 1441 384 1495; x_wconf 93' lang='lat' dir='ltr'><strong>et</strong></span> <span class='ocrx_word' id='word_1_73' title='bbox 408 1434 476 1512; x_wconf 90' lang='lat' dir='ltr'><strong>ipsc</strong></span> <span class='ocrx_word' id='word_1_74' title='bbox 487 1419 703 1511; x_wconf 80' lang='lat' dir='ltr'><strong>profitebatur,</strong></span> <span class='ocrx_word' id='word_1_75' title='bbox 726 1427 839 1493; x_wconf 90' lang='lat' dir='ltr'><strong>deinde</strong></span> <span class='ocrx_word' id='word_1_76' title='bbox 855 1445 931 1491; x_wconf 90' lang='lat' dir='ltr'><strong>vero</strong></span> <span class='ocrx_word' id='word_1_77' title='bbox 948 1418 1081 1503; x_wconf 78' lang='lat'><strong>(1816.)</strong></span> <span class='ocrx_word' id='word_1_78' title='bbox 1098 1427 1177 1491; x_wconf 90' lang='lat' dir='ltr'><strong>Pro-</strong></span> 
     </span>
     <span class='ocr_line' id='line_1_12' title="bbox 103 1536 1174 1622; baseline -0.003 -20"><span class='ocrx_word' id='word_1_79' title='bbox 103 1545 197 1605; x_wconf 85' lang='lat' dir='ltr'><strong>carius</strong></span> <span class='ocrx_word' id='word_1_80' title='bbox 223 1541 434 1622; x_wconf 90' lang='lat' dir='ltr'><strong>apostolicus,</strong></span> <span class='ocrx_word' id='word_1_81' title='bbox 462 1548 494 1603; x_wconf 90' lang='lat' dir='ltr'><strong>et</strong></span> <span class='ocrx_word' id='word_1_82' title='bbox 520 1537 669 1602; x_wconf 83' lang='lat' dir='ltr'><strong>defuncto</strong></span> <span class='ocrx_word' id='word_1_83' title='bbox 686 1536 845 1620; x_wconf 77' lang='lat' dir='ltr'><strong>Episcopo</strong></span> <span class='ocrx_word' id='word_1_84' title='bbox 861 1536 1024 1619; x_wconf 84' lang='lat' dir='ltr'><strong>Tempensi</strong></span> <span class='ocrx_word' id='word_1_85' title='bbox 1050 1536 1174 1600; x_wconf 88' lang='lat' dir='ltr'><strong>llicario</strong></span> 
     </span>
     <span class='ocr_line' id='line_1_13' title="bbox 103 1643 1175 1726; baseline -0.005 -16"><span class='ocrx_word' id='word_1_86' title='bbox 103 1650 227 1726; x_wconf 83' lang='lat' dir='ltr'><strong>eratali,</strong></span> <span class='ocrx_word' id='word_1_87' title='bbox 251 1648 340 1711; x_wconf 89' lang='lat' dir='ltr'><strong>huius</strong></span> <span class='ocrx_word' id='word_1_88' title='bbox 358 1648 534 1712; x_wconf 90' lang='lat' dir='ltr'><strong>Successor</strong></span> <span class='ocrx_word' id='word_1_89' title='bbox 550 1648 582 1710; x_wconf 92' lang='lat' dir='ltr'><strong>in</strong></span> <span class='ocrx_word' id='word_1_90' title='bbox 600 1643 872 1708; x_wconf 84' lang='lat' dir='ltr'><strong>administratione</strong></span> <span class='ocrx_word' id='word_1_91' title='bbox 890 1646 996 1709; x_wconf 90' lang='lat' dir='ltr'><strong>unitae</strong></span> <span class='ocrx_word' id='word_1_92' title='bbox 1011 1644 1175 1709; x_wconf 87' lang='lat' dir='ltr'><strong>Dioecesis</strong></span> 
     </span>
     <span class='ocr_line' id='line_1_14' title="bbox 103 1751 1258 1839; baseline 0.001 -22"><span class='ocrx_word' id='word_1_93' title='bbox 103 1758 163 1839; x_wconf 85' lang='lat' dir='ltr'><strong>agni</strong></span> <span class='ocrx_word' id='word_1_94' title='bbox 177 1758 279 1820; x_wconf 90' lang='lat' dir='ltr'><strong>nostri</strong></span> <span class='ocrx_word' id='word_1_95' title='bbox 295 1755 423 1818; x_wconf 88' lang='lat' dir='ltr'><strong>Vicario</strong></span> <span class='ocrx_word' id='word_1_96' title='bbox 440 1752 586 1817; x_wconf 89' lang='lat' dir='ltr'><strong>Generali</strong></span> <span class='ocrx_word' id='word_1_97' title='bbox 603 1753 784 1839; x_wconf 82' lang='lat' dir='ltr'><strong>subjectae,</strong></span> <span class='ocrx_word' id='word_1_98' title='bbox 810 1770 994 1834; x_wconf 88' lang='lat' dir='ltr'><strong>quamquam</strong></span> <span class='ocrx_word' id='word_1_99' title='bbox 1011 1751 1177 1834; x_wconf 91' lang='lat' dir='ltr'><strong>aliquando</strong></span> <span class='ocrx_word' id='word_1_100' title='bbox 1255 1830 1258 1839; x_wconf 32' lang='grc' dir='ltr'>Ι</span> 
     </span>
     <span class='ocr_line' id='line_1_15' title="bbox 103 1858 1173 1942; baseline -0.002 -18"><span class='ocrx_word' id='word_1_101' title='bbox 103 1869 149 1925; x_wconf 77' lang='lat' dir='ltr'><strong>ltus</strong></span> <span class='ocrx_word' id='word_1_102' title='bbox 174 1863 212 1926; x_wconf 90' lang='lat' dir='ltr'><strong>ad</strong></span> <span class='ocrx_word' id='word_1_103' title='bbox 229 1861 434 1926; x_wconf 88' lang='lat' dir='ltr'><strong>custodienda</strong></span> <span class='ocrx_word' id='word_1_104' title='bbox 459 1863 624 1942; x_wconf 86' lang='lat' dir='ltr'><strong>potestatis</strong></span> <span class='ocrx_word' id='word_1_105' title='bbox 644 1860 787 1942; x_wconf 89' lang='lat' dir='ltr'><strong>publicae</strong></span> <span class='ocrx_word' id='word_1_106' title='bbox 804 1861 870 1923; x_wconf 92' lang='lat' dir='ltr'><strong>iura</strong></span> <span class='ocrx_word' id='word_1_107' title='bbox 888 1858 1050 1942; x_wconf 86' lang='lat' dir='ltr'><strong>singulare</strong></span> <span class='ocrx_word' id='word_1_108' title='bbox 1066 1860 1173 1923; x_wconf 89' lang='lat' dir='ltr'><strong>Colle-</strong></span> 
     </span>
    </p>
   </div>
   <div class='ocr_carea' id='block_1_5' title="bbox 103 1967 1291 2052">
    <p class='ocr_par' dir='ltr' id='par_1_5' title="bbox 103 1967 1291 2052">
     <span class='ocr_line' id='line_1_16' title="bbox 103 1967 1291 2052; baseline 0.001 -22"><span class='ocrx_word' id='word_1_109' title='bbox 103 1967 149 2033; x_wconf 91' lang='lat' dir='ltr'><strong>lun</strong></span> <span class='ocrx_word' id='word_1_110' title='bbox 164 1992 227 2036; x_wconf 93' lang='lat' dir='ltr'><strong>non</strong></span> <span class='ocrx_word' id='word_1_111' title='bbox 243 1972 426 2036; x_wconf 90' lang='lat' dir='ltr'><strong>necessario</strong></span> <span class='ocrx_word' id='word_1_112' title='bbox 443 1970 694 2052; x_wconf 91' lang='lat' dir='ltr'><strong>requiri,tamen</strong></span> <span class='ocrx_word' id='word_1_113' title='bbox 711 1985 874 2050; x_wconf 86' lang='lat' dir='ltr'><strong>numquam</strong></span> <span class='ocrx_word' id='word_1_114' title='bbox 890 1987 954 2032; x_wconf 91' lang='lat' dir='ltr'><strong>non</strong></span> <span class='ocrx_word' id='word_1_115' title='bbox 971 1977 1177 2032; x_wconf 84' lang='lat' dir='ltr'><strong>consenserat</strong></span> <span class='ocrx_word' id='word_1_116' title='bbox 1288 1994 1291 1999; x_wconf 54' lang='lat'><strong><em>¹</em></strong></span> 
     </span>
    </p>
   </div>
   <div class='ocr_carea' id='block_1_6' title="bbox 103 2074 1217 2914">
    <p class='ocr_par' dir='ltr' id='par_1_6' title="bbox 103 2074 1217 2914">
     <span class='ocr_line' id='line_1_17' title="bbox 103 2074 1176 2160; baseline 0 -19"><span class='ocrx_word' id='word_1_117' title='bbox 103 2094 135 2141; x_wconf 85' lang='lat' dir='ltr'><strong>tn</strong></span> <span class='ocrx_word' id='word_1_118' title='bbox 155 2079 267 2152; x_wconf 90' lang='lat' dir='ltr'><strong>modo,</strong></span> <span class='ocrx_word' id='word_1_119' title='bbox 292 2096 352 2160; x_wconf 94' lang='lat' dir='ltr'><strong>quo</strong></span> <span class='ocrx_word' id='word_1_120' title='bbox 379 2080 444 2140; x_wconf 92' lang='lat' dir='ltr'><strong>iura</strong></span> <span class='ocrx_word' id='word_1_121' title='bbox 466 2079 533 2139; x_wconf 89' lang='lat' dir='ltr'><strong>ista</strong></span> <span class='ocrx_word' id='word_1_122' title='bbox 557 2094 614 2157; x_wconf 93' lang='lat' dir='ltr'><strong>per</strong></span> <span class='ocrx_word' id='word_1_123' title='bbox 638 2074 760 2140; x_wconf 88' lang='lat' dir='ltr'><strong>Curiam</strong></span> <span class='ocrx_word' id='word_1_124' title='bbox 785 2075 866 2139; x_wconf 90' lang='lat' dir='ltr'><strong>illam</strong></span> <span class='ocrx_word' id='word_1_125' title='bbox 883 2076 1124 2140; x_wconf 83' lang='lat' dir='ltr'><strong>exercebantur.</strong></span> <span class='ocrx_word' id='word_1_126' title='bbox 1143 2078 1176 2141; x_wconf 95' lang='lat' dir='ltr'><strong>ln</strong></span> 
     </span>
     <span class='ocr_line' id='line_1_18' title="bbox 103 2180 1177 2260; baseline 0.002 -14"><span class='ocrx_word' id='word_1_127' title='bbox 103 2187 142 2247; x_wconf 80' lang='lat' dir='ltr'><strong>:tis</strong></span> <span class='ocrx_word' id='word_1_128' title='bbox 167 2185 252 2248; x_wconf 88' lang='lat' dir='ltr'><strong>Catb.</strong></span> <span class='ocrx_word' id='word_1_129' title='bbox 280 2183 410 2248; x_wconf 83' lang='lat' dir='ltr'><strong>Consilii</strong></span> <span class='ocrx_word' id='word_1_130' title='bbox 435 2181 520 2245; x_wconf 86' lang='lat' dir='ltr'><strong>Eccl.</strong></span> <span class='ocrx_word' id='word_1_131' title='bbox 548 2180 643 2245; x_wconf 90' lang='lat' dir='ltr'><strong>rnulta</strong></span> <span class='ocrx_word' id='word_1_132' title='bbox 669 2184 776 2246; x_wconf 88' lang='lat' dir='ltr'><strong>insunt</strong></span> <span class='ocrx_word' id='word_1_133' title='bbox 807 2183 875 2245; x_wconf 90' lang='lat' dir='ltr'><strong>eius</strong></span> <span class='ocrx_word' id='word_1_134' title='bbox 900 2184 947 2247; x_wconf 87' lang='lat' dir='ltr'><strong>rei</strong></span> <span class='ocrx_word' id='word_1_135' title='bbox 973 2183 1177 2260; x_wconf 87' lang='lat' dir='ltr'><strong>documenta,</strong></span> 
     </span>
     <span class='ocr_line' id='line_1_19' title="bbox 103 2290 1217 2371; baseline 0 -16"><span class='ocrx_word' id='word_1_136' title='bbox 103 2306 194 2355; x_wconf 86' lang='lat' dir='ltr'><strong>uarum</strong></span> <span class='ocrx_word' id='word_1_137' title='bbox 209 2291 357 2356; x_wconf 88' lang='lat' dir='ltr'><strong>nonnulla</strong></span> <span class='ocrx_word' id='word_1_138' title='bbox 374 2292 406 2354; x_wconf 92' lang='lat' dir='ltr'><strong>in</strong></span> <span class='ocrx_word' id='word_1_139' title='bbox 423 2290 650 2353; x_wconf 88' lang='lat' dir='ltr'><strong>Commentario</strong></span> <span class='ocrx_word' id='word_1_140' title='bbox 676 2291 821 2371; x_wconf 90' lang='lat' dir='ltr'><strong>sequenti</strong></span> <span class='ocrx_word' id='word_1_141' title='bbox 844 2291 1179 2357; x_wconf 87' lang='lat' dir='ltr'><strong>commemorabuntur.</strong></span> <span class='ocrx_word' id='word_1_142' title='bbox 1212 2346 1217 2355; x_wconf 91' lang='lat'><strong>.</strong></span> 
     </span>
     <span class='ocr_line' id='line_1_20' title="bbox 103 2395 1180 2482; baseline 0.003 -21"><span class='ocrx_word' id='word_1_143' title='bbox 103 2399 296 2481; x_wconf 78' lang='lat' dir='ltr'><strong>ddtgnitate</strong></span> <span class='ocrx_word' id='word_1_144' title='bbox 312 2396 488 2478; x_wconf 84' lang='lat' dir='ltr'><strong>Episcopali</strong></span> <span class='ocrx_word' id='word_1_145' title='bbox 506 2397 640 2460; x_wconf 81' lang='lat' dir='ltr'><strong>Domino</strong></span> <span class='ocrx_word' id='word_1_146' title='bbox 659 2398 702 2458; x_wconf 85' lang='lat' dir='ltr'><strong>De</strong></span> <span class='ocrx_word' id='word_1_147' title='bbox 729 2396 834 2458; x_wconf 80' lang='lat' dir='ltr'><strong>Keller·</strong></span> <span class='ocrx_word' id='word_1_148' title='bbox 848 2395 983 2471; x_wconf 90' lang='lat' dir='ltr'><strong>collata,</strong></span> <span class='ocrx_word' id='word_1_149' title='bbox 1009 2398 1180 2482; x_wconf 84' lang='lat' dir='ltr'><strong>eodemque</strong></span> 
     </span>
     <span class='ocr_line' id='line_1_21' title="bbox 103 2498 1178 2588; baseline 0.005 -21"><span class='ocrx_word' id='word_1_150' title='bbox 103 2507 217 2571; x_wconf 67' lang='lat' dir='ltr'><strong>..rste</strong></span> <span class='ocrx_word' id='word_1_151' title='bbox 244 2508 426 2571; x_wconf 83' lang='lat' dir='ltr'><strong>solemniter</strong></span> <span class='ocrx_word' id='word_1_152' title='bbox 455 2508 662 2586; x_wconf 86' lang='lat' dir='ltr'><strong>inaugurato,</strong></span> <span class='ocrx_word' id='word_1_153' title='bbox 696 2522 787 2585; x_wconf 92' lang='lat' dir='ltr'><strong>quum</strong></span> <span class='ocrx_word' id='word_1_154' title='bbox 813 2506 953 2568; x_wconf 85' lang='lat' dir='ltr'><strong>rationes</strong></span> <span class='ocrx_word' id='word_1_155' title='bbox 979 2498 1178 2588; x_wconf 80' lang='lat' dir='ltr'><strong>negotiorum</strong></span> 
     </span>
     <span class='ocr_line' id='line_1_22' title="bbox 103 2611 1179 2693; baseline 0.007 -20"><span class='ocrx_word' id='word_1_156' title='bbox 103 2616 148 2677; x_wconf 80' lang='lat' dir='ltr'><strong>tter</strong></span> <span class='ocrx_word' id='word_1_157' title='bbox 178 2613 406 2678; x_wconf 88' lang='lat' dir='ltr'><strong>Ordinariatum</strong></span> <span class='ocrx_word' id='word_1_158' title='bbox 436 2612 652 2693; x_wconf 89' lang='lat' dir='ltr'><strong>Episcopalem</strong></span> <span class='ocrx_word' id='word_1_159' title='bbox 684 2618 716 2674; x_wconf 89' lang='lat' dir='ltr'><strong>et</strong></span> <span class='ocrx_word' id='word_1_160' title='bbox 741 2611 827 2675; x_wconf 87' lang='lat' dir='ltr'><strong>Cath.</strong></span> <span class='ocrx_word' id='word_1_161' title='bbox 856 2613 1026 2678; x_wconf 88' lang='lat' dir='ltr'><strong>Consilium</strong></span> <span class='ocrx_word' id='word_1_162' title='bbox 1057 2615 1179 2680; x_wconf 88' lang='lat' dir='ltr'><strong>Eccles.</strong></span> 
     </span>
     <span class='ocr_line' id='line_1_23' title="bbox 103 2720 1180 2789; baseline 0.007 -8"><span class='ocrx_word' id='word_1_163' title='bbox 103 2735 147 2785; x_wconf 83' lang='lat' dir='ltr'><strong>uae</strong></span> <span class='ocrx_word' id='word_1_164' title='bbox 171 2731 300 2786; x_wconf 88' lang='lat' dir='ltr'><strong>eatenus</strong></span> <span class='ocrx_word' id='word_1_165' title='bbox 326 2723 451 2786; x_wconf 90' lang='lat' dir='ltr'><strong>nonnisi</strong></span> <span class='ocrx_word' id='word_1_166' title='bbox 477 2722 632 2784; x_wconf 85' lang='lat' dir='ltr'><strong>constanti</strong></span> <span class='ocrx_word' id='word_1_167' title='bbox 657 2723 811 2785; x_wconf 80' lang='lat' dir='ltr'><strong>exercitio</strong></span> <span class='ocrx_word' id='word_1_168' title='bbox 839 2720 989 2785; x_wconf 80' lang='lat' dir='ltr'><strong>conformi</strong></span> <span class='ocrx_word' id='word_1_169' title='bbox 1017 2722 1180 2789; x_wconf 86' lang='lat' dir='ltr'><strong>ordinatae</strong></span> 
     </span>
     <span class='ocr_line' id='line_1_24' title="bbox 103 2826 1179 2914; baseline 0.015 -30"><span class='ocrx_word' id='word_1_170' title='bbox 103 2839 207 2907; x_wconf 80' lang='lat' dir='ltr'><strong>terant,</strong></span> <span class='ocrx_word' id='word_1_171' title='bbox 232 2849 340 2895; x_wconf 89' lang='lat' dir='ltr'><strong>norma</strong></span> <span class='ocrx_word' id='word_1_172' title='bbox 357 2829 458 2895; x_wconf 88' lang='lat' dir='ltr'><strong>literis</strong></span> <span class='ocrx_word' id='word_1_173' title='bbox 476 2826 682 2912; x_wconf 91' lang='lat' dir='ltr'><strong>concipienda</strong></span> <span class='ocrx_word' id='word_1_174' title='bbox 698 2831 845 2893; x_wconf 84' lang='lat' dir='ltr'><strong>constitui</strong></span> <span class='ocrx_word' id='word_1_175' title='bbox 861 2827 1031 2904; x_wconf 85' lang='lat' dir='ltr'><strong>deberent,</strong></span> <span class='ocrx_word' id='word_1_176' title='bbox 1057 2852 1074 2895; x_wconf 93' lang='lat' dir='ltr'><strong>a</strong></span> <span class='ocrx_word' id='word_1_177' title='bbox 1091 2843 1179 2914; x_wconf 88' lang='lat' dir='ltr'><strong>parte</strong></span> 
     </span>
    </p>
   </div>
   <div class='ocr_carea' id='block_1_7' title="bbox 103 2934 1301 3128">
    <p class='ocr_par' dir='ltr' id='par_1_7' title="bbox 103 2934 1301 3128">
     <span class='ocr_line' id='line_1_25' title="bbox 103 2934 1282 3023; baseline 0.01 -28"><span class='ocrx_word' id='word_1_178' title='bbox 103 2934 213 3021; x_wconf 88' lang='lat' dir='ltr'><strong>piscopi</strong></span> <span class='ocrx_word' id='word_1_179' title='bbox 244 2955 376 3022; x_wconf 90' lang='lat' dir='ltr'><strong>prorsus</strong></span> <span class='ocrx_word' id='word_1_180' title='bbox 405 2957 506 3003; x_wconf 89' lang='lat' dir='ltr'><strong>novae</strong></span> <span class='ocrx_word' id='word_1_181' title='bbox 537 2937 763 3019; x_wconf 89' lang='lat' dir='ltr'><strong>postulationes</strong></span> <span class='ocrx_word' id='word_1_182' title='bbox 793 2937 954 3018; x_wconf 91' lang='lat' dir='ltr'><strong>inopinato</strong></span> <span class='ocrx_word' id='word_1_183' title='bbox 985 2940 1180 3023; x_wconf 84' lang='lat' dir='ltr'><strong>prodierunt,</strong></span> <span class='ocrx_word' id='word_1_184' title='bbox 1279 2936 1282 2940; x_wconf 70' lang='grc'><strong>’</strong></span> 
     </span>
     <span class='ocr_line' id='line_1_26' title="bbox 103 3038 1301 3128; baseline 0.014 -28"><span class='ocrx_word' id='word_1_185' title='bbox 103 3038 196 3119; x_wconf 87' lang='lat' dir='ltr'><strong>uibus,</strong></span> <span class='ocrx_word' id='word_1_186' title='bbox 220 3046 405 3127; x_wconf 89' lang='lat' dir='ltr'><strong>praesertim</strong></span> <span class='ocrx_word' id='word_1_187' title='bbox 432 3065 500 3108; x_wconf 91' lang='lat' dir='ltr'><strong>curn</strong></span> <span class='ocrx_word' id='word_1_188' title='bbox 518 3043 596 3108; x_wconf 89' lang='lat' dir='ltr'><strong>adeo</strong></span> <span class='ocrx_word' id='word_1_189' title='bbox 615 3064 656 3107; x_wconf 89' lang='lat' dir='ltr'><strong>ex</strong></span> <span class='ocrx_word' id='word_1_190' title='bbox 673 3051 762 3124; x_wconf 88' lang='lat' dir='ltr'><strong>parte</strong></span> <span class='ocrx_word' id='word_1_191' title='bbox 779 3044 888 3128; x_wconf 84' lang='lat' dir='ltr'><strong>Regiis</strong></span> <span class='ocrx_word' id='word_1_192' title='bbox 904 3047 1029 3128; x_wconf 87' lang='lat' dir='ltr'><strong>legibus</strong></span> <span class='ocrx_word' id='word_1_193' title='bbox 1056 3057 1089 3113; x_wconf 89' lang='lat' dir='ltr'><strong>ct</strong></span> <span class='ocrx_word' id='word_1_194' title='bbox 1113 3051 1181 3116; x_wconf 90' lang='lat' dir='ltr'><strong>edi·</strong></span> <span class='ocrx_word' id='word_1_195' title='bbox 1298 3076 1301 3083; x_wconf 96' lang='lat'><em>·</em></span> 
     </span>
    </p>
   </div>
   <div class='ocr_carea' id='block_1_8' title="bbox 103 3146 1183 3991">
    <p class='ocr_par' dir='ltr' id='par_1_8' title="bbox 103 3146 1183 3991">
     <span class='ocr_line' id='line_1_27' title="bbox 103 3146 1180 3242; baseline 0.016 -34"><span class='ocrx_word' id='word_1_196' title='bbox 103 3146 200 3214; x_wconf 81' lang='lat' dir='ltr'><strong>tisusu</strong></span> <span class='ocrx_word' id='word_1_197' title='bbox 215 3152 391 3216; x_wconf 87' lang='lat' dir='ltr'><strong>valentibus</strong></span> <span class='ocrx_word' id='word_1_198' title='bbox 412 3153 666 3227; x_wconf 88' lang='lat' dir='ltr'><strong>adversarentur,</strong></span> <span class='ocrx_word' id='word_1_199' title='bbox 683 3152 864 3232; x_wconf 89' lang='lat' dir='ltr'><strong>simpliciter</strong></span> <span class='ocrx_word' id='word_1_200' title='bbox 880 3155 1040 3236; x_wconf 88' lang='lat' dir='ltr'><strong>indulgeri</strong></span> <span class='ocrx_word' id='word_1_201' title='bbox 1056 3177 1180 3242; x_wconf 91' lang='lat' dir='ltr'><strong>nequa·</strong></span> 
     </span>
     <span class='ocr_line' id='line_1_28' title="bbox 103 3260 1182 3346; baseline 0.014 -30"><span class='ocrx_word' id='word_1_202' title='bbox 103 3267 156 3321; x_wconf 79' lang='lat' dir='ltr'><strong>rau</strong></span> <span class='ocrx_word' id='word_1_203' title='bbox 170 3267 303 3341; x_wconf 86' lang='lat' dir='ltr'><strong>poterat.</strong></span> <span class='ocrx_word' id='word_1_204' title='bbox 328 3262 375 3323; x_wconf 89' lang='lat' dir='ltr'><strong>De</strong></span> <span class='ocrx_word' id='word_1_205' title='bbox 391 3260 611 3346; x_wconf 78' lang='lat' dir='ltr'><strong>distributione</strong></span> <span class='ocrx_word' id='word_1_206' title='bbox 627 3261 838 3344; x_wconf 89' lang='lat' dir='ltr'><strong>negotiorum,</strong></span> <span class='ocrx_word' id='word_1_207' title='bbox 855 3279 945 3343; x_wconf 89' lang='lat' dir='ltr'><strong>quam</strong></span> <span class='ocrx_word' id='word_1_208' title='bbox 961 3271 1084 3341; x_wconf 88' lang='lat' dir='ltr'><strong>vocant,</strong></span> <span class='ocrx_word' id='word_1_209' title='bbox 1100 3269 1182 3333; x_wconf 84' lang='lat' dir='ltr'><strong>inter</strong></span> 
     </span>
     <span class='ocr_line' id='line_1_29' title="bbox 103 3368 1181 3451; baseline 0.013 -27"><span class='ocrx_word' id='word_1_210' title='bbox 103 3372 227 3451; x_wconf 58' lang='lat' dir='ltr'><strong>tnaturaque</strong></span> <span class='ocrx_word' id='word_1_211' title='bbox 253 3369 375 3432; x_wconf 88' lang='lat' dir='ltr'><strong>Curiam</strong></span> <span class='ocrx_word' id='word_1_212' title='bbox 406 3370 543 3451; x_wconf 84' lang='lat' dir='ltr'><strong>agitatae</strong></span> <span class='ocrx_word' id='word_1_213' title='bbox 569 3368 766 3433; x_wconf 89' lang='lat' dir='ltr'><strong>conditiones</strong></span> <span class='ocrx_word' id='word_1_214' title='bbox 791 3385 848 3449; x_wconf 90' lang='lat' dir='ltr'><strong>per</strong></span> <span class='ocrx_word' id='word_1_215' title='bbox 879 3369 1064 3436; x_wconf 86' lang='lat' dir='ltr'><strong>decennium</strong></span> <span class='ocrx_word' id='word_1_216' title='bbox 1095 3373 1181 3449; x_wconf 83' lang='lat' dir='ltr'><strong>lere,</strong></span> 
     </span>
     <span class='ocr_line' id='line_1_30' title="bbox 105 3468 1181 3564; baseline 0.013 -31"><span class='ocrx_word' id='word_1_217' title='bbox 105 3468 240 3557; x_wconf 84' lang='lat' dir='ltr'><strong>terrupta</strong></span> <span class='ocrx_word' id='word_1_218' title='bbox 266 3494 363 3540; x_wconf 91' lang='lat' dir='ltr'><strong>annos</strong></span> <span class='ocrx_word' id='word_1_219' title='bbox 389 3479 534 3558; x_wconf 89' lang='lat' dir='ltr'><strong>integros</strong></span> <span class='ocrx_word' id='word_1_220' title='bbox 550 3478 697 3558; x_wconf 90' lang='lat' dir='ltr'><strong>utrinque</strong></span> <span class='ocrx_word' id='word_1_221' title='bbox 714 3477 949 3558; x_wconf 89' lang='lat' dir='ltr'><strong>negotiatione,</strong></span> <span class='ocrx_word' id='word_1_222' title='bbox 974 3480 1005 3542; x_wconf 90' lang='lat' dir='ltr'><strong>in</strong></span> <span class='ocrx_word' id='word_1_223' title='bbox 1027 3498 1181 3564; x_wconf 90' lang='lat' dir='ltr'><strong>suspenso</strong></span> 
     </span>
     <span class='ocr_line' id='line_1_31' title="bbox 103 3584 1182 3666; baseline 0.011 -21"><span class='ocrx_word' id='word_1_224' title='bbox 103 3588 166 3648; x_wconf 70' lang='lat' dir='ltr'><strong>&#39;int</strong></span> <span class='ocrx_word' id='word_1_225' title='bbox 192 3584 356 3666; x_wconf 88' lang='lat' dir='ltr'><strong>Postquam</strong></span> <span class='ocrx_word' id='word_1_226' title='bbox 383 3604 460 3648; x_wconf 88' lang='lat' dir='ltr'><strong>vcro</strong></span> <span class='ocrx_word' id='word_1_227' title='bbox 486 3584 604 3650; x_wconf 86' lang='lat' dir='ltr'><strong>Cathol.</strong></span> <span class='ocrx_word' id='word_1_228' title='bbox 634 3585 804 3649; x_wconf 83' lang='lat' dir='ltr'><strong>Consilium</strong></span> <span class='ocrx_word' id='word_1_229' title='bbox 828 3585 948 3651; x_wconf 86' lang='lat' dir='ltr'><strong>Ecclas.</strong></span> <span class='ocrx_word' id='word_1_230' title='bbox 974 3607 1081 3653; x_wconf 89' lang='lat' dir='ltr'><strong>mense</strong></span> <span class='ocrx_word' id='word_1_231' title='bbox 1100 3589 1182 3658; x_wconf 89' lang='lat' dir='ltr'><strong>Julio</strong></span> 
     </span>
     <span class='ocr_line' id='line_1_32' title="bbox 103 3674 1183 3778; baseline 0.01 -26"><span class='ocrx_word' id='word_1_232' title='bbox 103 3674 166 3752; x_wconf 68' lang='lat' dir='ltr'><strong>l40.</strong></span> <span class='ocrx_word' id='word_1_233' title='bbox 192 3690 402 3755; x_wconf 87' lang='lat' dir='ltr'><strong>Ordinariatui</strong></span> <span class='ocrx_word' id='word_1_234' title='bbox 427 3692 604 3775; x_wconf 87' lang='lat' dir='ltr'><strong>Episcopali</strong></span> <span class='ocrx_word' id='word_1_235' title='bbox 631 3693 826 3773; x_wconf 87' lang='lat' dir='ltr'><strong>nuperrimas</strong></span> <span class='ocrx_word' id='word_1_236' title='bbox 851 3712 925 3758; x_wconf 91' lang='lat' dir='ltr'><strong>suas</strong></span> <span class='ocrx_word' id='word_1_237' title='bbox 951 3697 1183 3778; x_wconf 90' lang='lat' dir='ltr'><strong>propositiones</strong></span> 
     </span>
     <span class='ocr_line' id='line_1_33' title="bbox 103 3785 1183 3887; baseline 0.006 -26"><span class='ocrx_word' id='word_1_238' title='bbox 103 3800 255 3862; x_wconf 75' lang='lat' dir='ltr'><strong>lnsmisit:</strong></span> <span class='ocrx_word' id='word_1_239' title='bbox 273 3801 322 3863; x_wconf 91' lang='lat' dir='ltr'><strong>hic</strong></span> <span class='ocrx_word' id='word_1_240' title='bbox 330 3802 472 3883; x_wconf 93' lang='lat' dir='ltr'><strong>pluribus</strong></span> <span class='ocrx_word' id='word_1_241' title='bbox 484 3800 598 3880; x_wconf 89' lang='lat' dir='ltr'><strong>elapsis</strong></span> <span class='ocrx_word' id='word_1_242' title='bbox 617 3802 778 3865; x_wconf 90' lang='lat' dir='ltr'><strong>mensibus</strong></span> <span class='ocrx_word' id='word_1_243' title='bbox 793 3785 978 3887; x_wconf 85' lang='lat' dir='ltr'><strong>respondit:</strong></span> <span class='ocrx_word' id='word_1_244' title='bbox 996 3813 1183 3869; x_wconf 83' lang='lat' dir='ltr'><strong>controver-</strong></span> 
     </span>
     <span class='ocr_line' id='line_1_34' title="bbox 103 3903 1183 3991; baseline 0.006 -22"><span class='ocrx_word' id='word_1_245' title='bbox 103 3910 151 3982; x_wconf 73' lang='lat'><strong>18,</strong></span> <span class='ocrx_word' id='word_1_246' title='bbox 177 3905 354 3988; x_wconf 92' lang='lat' dir='ltr'><strong>dequibus</strong></span> <span class='ocrx_word' id='word_1_247' title='bbox 381 3903 576 3989; x_wconf 81' lang='lat' dir='ltr'><strong>ambigatur,</strong></span> <span class='ocrx_word' id='word_1_248' title='bbox 602 3928 793 3991; x_wconf 89' lang='lat' dir='ltr'><strong>componere</strong></span> <span class='ocrx_word' id='word_1_249' title='bbox 821 3911 951 3975; x_wconf 88' lang='lat' dir='ltr'><strong>arduum</strong></span> <span class='ocrx_word' id='word_1_250' title='bbox 977 3913 1037 3974; x_wconf 87' lang='lat' dir='ltr'><strong>ianr</strong></span> <span class='ocrx_word' id='word_1_251' title='bbox 1067 3910 1183 3978; x_wconf 86' lang='lat' dir='ltr'><strong>videri:</strong></span> 
     </span>
    </p>
   </div>
   <div class='ocr_carea' id='block_1_9' title="bbox 103 4015 1277 4103">
    <p class='ocr_par' dir='ltr' id='par_1_9' title="bbox 103 4015 1277 4103">
     <span class='ocr_line' id='line_1_35' title="bbox 103 4015 1277 4103; baseline 0.009 -28"><span class='ocrx_word' id='word_1_252' title='bbox 103 4017 257 4090; x_wconf 75' lang='lat' dir='ltr'><strong>spectare</strong></span> <span class='ocrx_word' id='word_1_253' title='bbox 284 4033 319 4079; x_wconf 88' lang='lat' dir='ltr'><strong>sc</strong></span> <span class='ocrx_word' id='word_1_254' title='bbox 346 4015 445 4093; x_wconf 88' lang='lat' dir='ltr'><strong>velle,</strong></span> <span class='ocrx_word' id='word_1_255' title='bbox 472 4034 623 4098; x_wconf 87' lang='lat' dir='ltr'><strong>quaenam</strong></span> <span class='ocrx_word' id='word_1_256' title='bbox 642 4017 691 4080; x_wconf 86' lang='lat' dir='ltr'><strong>via</strong></span> <span class='ocrx_word' id='word_1_257' title='bbox 708 4026 872 4098; x_wconf 83' lang='lat' dir='ltr'><strong>praeterea</strong></span> <span class='ocrx_word' id='word_1_258' title='bbox 888 4025 1098 4100; x_wconf 89' lang='lat' dir='ltr'><strong>proponatur,</strong></span> <span class='ocrx_word' id='word_1_259' title='bbox 1123 4039 1184 4102; x_wconf 90' lang='lat' dir='ltr'><strong>qua</strong></span> <span class='ocrx_word' id='word_1_260' title='bbox 1274 4098 1277 4103; x_wconf 27' lang='lat'>¹</span> 
     </span>
    </p>
   </div>
   <div class='ocr_carea' id='block_1_10' title="bbox 103 4119 1297 4531">
    <p class='ocr_par' dir='ltr' id='par_1_10' title="bbox 103 4119 1297 4531">
     <span class='ocr_line' id='line_1_36' title="bbox 129 4119 1183 4215; baseline 0.009 -32"><span class='ocrx_word' id='word_1_261' title='bbox 129 4119 336 4185; x_wconf 85' lang='lat' dir='ltr'><strong>dirimendam</strong></span> <span class='ocrx_word' id='word_1_262' title='bbox 369 4125 452 4186; x_wconf 92' lang='lat' dir='ltr'><strong>litem</strong></span> <span class='ocrx_word' id='word_1_263' title='bbox 483 4125 642 4205; x_wconf 88' lang='lat' dir='ltr'><strong>perveniri</strong></span> <span class='ocrx_word' id='word_1_264' title='bbox 673 4129 776 4208; x_wconf 87' lang='lat' dir='ltr'><strong>queat.</strong></span> <span class='ocrx_word' id='word_1_265' title='bbox 802 4127 1022 4215; x_wconf 71' lang='lat' dir='ltr'><strong>spernerem</strong></span> <span class='ocrx_word' id='word_1_266' title='bbox 1048 4126 1183 4204; x_wconf 88' lang='lat' dir='ltr'><strong>licebat,</strong></span> 
     </span>
     <span class='ocr_line' id='line_1_37' title="bbox 103 4229 1184 4319; baseline 0.011 -32"><span class='ocrx_word' id='word_1_267' title='bbox 103 4232 159 4307; x_wconf 79' lang='lat' dir='ltr'><strong>·&#39;e,</strong></span> <span class='ocrx_word' id='word_1_268' title='bbox 191 4235 225 4292; x_wconf 93' lang='lat' dir='ltr'><strong>ut</strong></span> <span class='ocrx_word' id='word_1_269' title='bbox 249 4229 445 4312; x_wconf 89' lang='lat' dir='ltr'><strong>Episcopalis</strong></span> <span class='ocrx_word' id='word_1_270' title='bbox 472 4233 583 4305; x_wconf 88' lang='lat' dir='ltr'><strong>Curia,</strong></span> <span class='ocrx_word' id='word_1_271' title='bbox 616 4236 719 4298; x_wconf 89' lang='lat' dir='ltr'><strong>tenori</strong></span> <span class='ocrx_word' id='word_1_272' title='bbox 749 4234 853 4316; x_wconf 90' lang='lat' dir='ltr'><strong>legum</strong></span> <span class='ocrx_word' id='word_1_273' title='bbox 880 4236 1072 4319; x_wconf 84' lang='lat' dir='ltr'><strong>publicarum</strong></span> <span class='ocrx_word' id='word_1_274' title='bbox 1104 4238 1184 4318; x_wconf 91' lang='lat' dir='ltr'><strong>apud</strong></span> 
     </span>
     <span class='ocr_line' id='line_1_38' title="bbox 103 4329 1184 4423; baseline 0.007 -24"><span class='ocrx_word' id='word_1_275' title='bbox 103 4329 387 4418; x_wconf 74' lang='lat' dir='ltr'><strong>bauembergenses</strong></span> <span class='ocrx_word' id='word_1_276' title='bbox 404 4357 462 4403; x_wconf 91' lang='lat' dir='ltr'><strong>usu</strong></span> <span class='ocrx_word' id='word_1_277' title='bbox 488 4339 654 4404; x_wconf 89' lang='lat' dir='ltr'><strong>valentium</strong></span> <span class='ocrx_word' id='word_1_278' title='bbox 677 4341 918 4420; x_wconf 88' lang='lat' dir='ltr'><strong>obtemperans,</strong></span> <span class='ocrx_word' id='word_1_279' title='bbox 943 4342 1023 4423; x_wconf 91' lang='lat' dir='ltr'><strong>apud</strong></span> <span class='ocrx_word' id='word_1_280' title='bbox 1038 4342 1184 4408; x_wconf 85' lang='lat' dir='ltr'><strong>Ministe-</strong></span> 
     </span>
     <span class='ocr_line' id='line_1_39' title="bbox 103 4432 1297 4531; baseline 0.008 -26"><span class='ocrx_word' id='word_1_281' title='bbox 103 4444 153 4505; x_wconf 79' lang='lat' dir='ltr'><strong>¹tn</strong></span> <span class='ocrx_word' id='word_1_282' title='bbox 167 4441 300 4525; x_wconf 81' lang='lat' dir='ltr'><strong>Regium</strong></span> <span class='ocrx_word' id='word_1_283' title='bbox 324 4443 418 4509; x_wconf 91' lang='lat' dir='ltr'><strong>rebus</strong></span> <span class='ocrx_word' id='word_1_284' title='bbox 444 4448 545 4511; x_wconf 90' lang='lat' dir='ltr'><strong>sacris</strong></span> <span class='ocrx_word' id='word_1_285' title='bbox 562 4453 594 4510; x_wconf 86' lang='lat' dir='ltr'><strong>et</strong></span> <span class='ocrx_word' id='word_1_286' title='bbox 614 4447 811 4513; x_wconf 89' lang='lat' dir='ltr'><strong>scholasticis</strong></span> <span class='ocrx_word' id='word_1_287' title='bbox 827 4432 1183 4531; x_wconf 76' lang='lat' dir='ltr'><strong>praelectuminterce·</strong></span> <span class='ocrx_word' id='word_1_288' title='bbox 1295 4510 1297 4515; x_wconf 82' lang='grc'><strong>,</strong></span> 
     </span>
    </p>
   </div>
   <div class='ocr_carea' id='block_1_11' title="bbox 0 0 1406 4852">
    <p class='ocr_par' dir='ltr' id='par_1_11' title="bbox 0 0 1406 4852">
     <span class='ocr_line' id='line_1_40' title="bbox 0 0 1406 4852; baseline 0 0"><span class='ocrx_word' id='word_1_289' title='bbox 0 0 1406 4852; x_wconf 95' lang='lat' dir='ltr'><strong> </strong></span> 
     </span>
    </p>
   </div>
  </div>
 </body>
</html>
