2798 4852
628 326 672 338 -
704 246 944 397 ara-J·

104 564 109 575 ι
172 481 245 556 ulit,
266 438 305 540 ¹et
330 485 401 542 actu
419 479 511 541 etiarn
538 476 653 559 patitur
671 454 759 538 aliam
778 474 862 539 illam
877 472 1060 544 eorumdem
1074 456 1276 566 'Orientalium

178 588 469 667 sententiamque
498 585 633 675 credunt
661 601 718 666 per
745 582 931 653 adulterium
956 580 1140 668 alterutrius
1158 582 1287 661 coniugis

24 687 27 693 ’
130 775 132 778 .
176 694 365 756 matrimonii
381 691 539 757 vinculum
556 690 685 783 dissolvi
695 709 712 767 3·
729 689 791 761 sed,
801 696 833 752 et
847 688 974 768 penitus
984 686 1212 782 =persvadedr3
1223 704 1289 752 sen·

134 814 137 819 ·
174 799 303 885 tentiam
319 798 404 883 illam
430 817 486 880 per
506 797 624 865 Sedem
651 796 883 914 Apostolicam,
909 797 999 858 cuius
1024 796 1076 878 pia
1094 794 1288 878 indulgentia

98 918 102 925 ·
174 925 241 970 cam
258 925 383 995 aequo
377 905 478 970 adhuc
489 905 641 977 toleravit
657 896 779 977 animo',
804 891 1147 987 absque'gravissimo
1153 898 1287 965 Graeco·

173 1005 404 1078 catholicorum
422 1014 531 1077 dolore
547 1001 712 1093 reprobari
729 1029 793 1076 000
808 1005 913 1091 posse.
929 1008 996 1071 000
1008 1026 1079 1072 cum
1095 1008 1127 1071 in
1139 990 1296 1073 inferiori·

174 1123 232 1185 bus
259 1118 440 1203 ilungariae
455 1127 487 1183 et
504 1118 670 1184 Slavoniae
690 1121 773 1196 oris,
800 1120 908 1209 itern
900 1137 932 1180 rn
949 1115 1190 1200 'lranssilvania
1207 1114 1289 1202 iidem

113 1234 125 1252 ·“
165 1226 323 1313 Graeco·
333 1224 490 1306 Catholici
510 1229 621 1309 passim
654 1211 862 1290 schismaticis
894 1216 1075 1288 intermixti
1101 1214 1240 1311 degant,
1268 1242 1297 1287 00

95 1365 109 1371 ··
176 1335 394 1424 nominantur
387 1335 576 1405 rnDioecesi
593 1321 661 1396 000
673 1326 853 1398 novissimis
864 1311 1067 1414 temporibus
1083 1349 1185 1433 prope
1203 1332 1240 1395 ad
1253 1332 1296 1398 20.

57 1464 62 1473 ’
125 1509 130 1519 ,
150 1468 152 1472 ·
176 1441 259 1533 rnilla
277 1443 380 1526 capita
395 1440 560 1505 Ecclesiae
575 1441 734 1504 Romano·
738 1440 917 1508 Catholicae
934 1439 1076 1514 adunati,
1101 1458 1139 1502 ac
1157 1459 1215 1520 per
1229 1439 1295 1504 800.

39 1556 55 1617 .’
90 1549 94 1555 ’
120 1583 124 1591 -
155 1521 845 1645 ,000000000000000000000010000000]
849 1546 1096 1627 milliaundique
1117 1546 1297 1617 circumfusi,

1 1715 3 1727 ,
36 1744 40 1751 “
112 1718 115 1723 ,
153 1652 364 1738 ‚ipassi'mque
380 1658 418 1747 ab
434 1656 497 1719 illis
514 1674 590 1719 snae
601 1654 673 1718 fidei
686 1653 961 1740 ‚communitatibus
978 1651 1113 1736 plurium
1130 1653 1296 1735 milliarium

182 1758 429 1829 tlnere'di'remti
447 1765 571 1834 vivant,
598 1764 666 1844 ipsa
695 1758 926 1851 nonnumquam
942 1762 1298 1842 necessitatecogente,

151 1917 154 1921 -
176 1887 271 1954 saepe
296 1887 383 1951 vero
390 1870 428 1932 ob
459 1871 655 1951 frequentem
683 1854 868 1933 consortum
892 1868 1144 1932 conversionem
1161 1887 1229 1931 cum
1244 1868 1297 1931 Ec·

78 2054 81 2060 ,
151 1970 292 2043 cles-rae
319 1977 409 2040 lucro
436 1978 550 2047 crebra
577 1994 647 2039 cum
672 1977 783 2038 iisdem
810 1976 945 2073 iungunt
977 1976 1187 2041 matrimonia.
1224 1976 1298 2050 0000

6 2068 15 2126 ἶ
74 2155 77 2159 ,
177 2082 344 2168 quidemst
361 2103 430 2148 cum
458 2084 585 2179 passiva
612 2053 791 2145 assistentia
817 2083 953 2145 ineunda
982 2082 1109 2156 forent,
1139 2100 1244 2145 coram
1259 2082 1298 2146 sui

176 2194 255 2255 ritus
270 2189 421 2274 parocho
429 2173 620 2255 catholico
612 2190 684 2278 miri
702 2189 873 2266 deberent3
898 2195 929 2250 at
946 2206 1021 2258 vero
1031 2191 1066 2252 is
1085 2189 1126 2251 ad
1151 2170 1298 2272 praeben·

75 2338 78 2345 ·
103 2312 105 2318 ’
182 2299 250 2362 000
266 2297 443 2362 huiusmodi
470 2299 699 2389 assistentiam,
728 2303 835 2379 utpote
851 2315 868 2358 e
885 2279 1074 2381 sensu‘s'uae
1091 2296 1248 2378 ecclesiae
1264 2293 1295 2358 ad

52 2425 59 2430 ·
90 2442 93 2447 -
179 2400 415 2475 conciliandum
435 2405 631 2475 matrimonio
657 2403 758 2467 robur
780 2405 994 2484 invigorosani
1017 2410 1047 2466 et
1058 2407 1211 2493 propriae
1228 2420 1293 2467 snac

180 2513 616 2595 persvasionirepngnantem
633 2529 668 2573 se
686 2509 797 2574 adduci
815 2524 883 2573 000·
894 2517 1065 2590 pateretur,
1083 2513 1146 2593 ipsi
1164 2510 1241 2575 vero
1259 2510 1296 2573 sic

167 2618 285 2689 Ι000000
303 2602 462 2695 coniuncti
474 2622 583 2699 spousi
600 2635 635 2681 se
653 2620 712 2680 000
730 2618 827 2681 forma
840 2637 946 2681 verum
958 2636 1002 2679 ac·
1011 2615 1150 2695 validum
1176 2620 1293 2681 inivisse

179 2710 407 2790 matrimonium
432 2725 510 2787 baud
537 2738 672 2808 unquam
691 2729 929 2807 convincentur.
956 2724 993 2786 Ut
1010 2724 1090 2787 adeo
1108 2744 1244 2788 necesse
1262 2724 1296 2786 sit

145 2833 262 2914 'apud
289 2833 368 2895 banc
395 2833 629 2915 regnicolarum
655 2824 788 2897 classem
815 2833 910 2894 mixta
936 2818 1133 2895 matrimonia
1158 2835 1188 2895 in
1210 2832 1299 2894 multis

80 3010 100 3025 ..
127 2974 141 3021 ·.
179 2938 303 3020 casibus
321 2947 372 3000 aut
390 2956 520 3020 prorsus
538 2928 743 3022 impossibilia
761 2939 870 3015 reddi,
898 2947 949 3000 000
967 2956 1128 3002 consensu
1146 2940 1298 3020 parocho·

181 3064 249 3109 rum
266 3047 431 3127 utriusque
448 3049 536 3120 ritus,
555 3066 591 3110 ac
604 3067 643 3109 ex
661 3050 726 3128 ipsa
744 3050 836 3110 etiam
852 3048 1012 3109 amborum
1035 3047 1212 3127 coniugum
1229 3066 1300 3108 con-

98 3204 101 3213 .
181 3153 310 3213 scientia
328 3154 562 3234 proterendis,
588 3155 815 3236 damnabilique
844 3154 1063 3218 concubinatu
1083 3155 1206 3218 haberi
1225 3151 1301 3227 0000

123 3258 131 3266 ‘
152 3244 162 3276 ²
181 3275 219 3318 ne
236 3257 310 3331 fiat,
339 3260 435 3339 ipsius
452 3259 618 3323 Potestatis
644 3259 749 3324 Civilis
771 3281 807 3324 ac
825 3261 1058 3373 tranquillitatis
1076 3262 1225 3342 publicae
1240 3259 1302 3343 plu-

83 3408 87 3414 .
133 3367 139 3375 '
181 3363 289 3424 nimum
309 3365 452 3426 interest

111 3558 114 3562 ,
220 3528 223 3537 .
274 3508 309 3518 -
311 3464 543 3538 -Ceterum
570 3467 638 3537 cum
665 3473 836 3537 hurmllnne
853 3494 910 3556 per
929 3492 976 3536 me
994 3476 1184 3553 propositae
1200 3490 1303 3556 preces

152 3648 156 3655 ,
182 3580 242 3642 000
260 3581 336 3643 liaeo
364 3583 492 3663 iunctim
510 3582 774 3662 complectantur:
800 3579 996 3664 praebendae
1014 3580 1141 3642 scilicet
1159 3583 1190 3645 in
1211 3580 1303 3644 mixtis

182 3680 376 3771 connubiis,
399 3689 424 3748 si
443 3688 470 3748 id
491 3689 604 3750 bonurn
631 3687 795 3750 Ecclesiae
813 3694 864 3749 aut
882 3689 1058 3748 necessitas
1077 3685 1208 3758 tulerit,
1234 3706 1301 3769 pas·

41 3832 45 3837 -
92 3845 109 3873 ,Ι
167 3794 268 3856 sivae
288 3793 500 3877 assistentiae
516 3795 711 3865 facultatem,
738 3802 768 3856 et
786 3794 1030 3856 declarationem
1049 3793 1225 3857 validitatis
1242 3797 1301 3858 ine·

7 3920 9 3925 ’
113 3958 116 3964 ,
182 3898 332 3961 nudorum
351 3907 443 3961 extra
461 3900 1128 3982 formamper'lridentinnrrrpraescriptam
1146 3903 1302 3966 mixtorum

181 4006 463 4068 matrimoniorum:
489 4008 644 4085 siquidem
671 4007 731 4072 Sua
754 4009 905 4090 blajestas
932 4007 1044 4078 SSma,
1074 4009 1161 4089 quod
1180 4011 1303 4072 loturum

182 4125 254 4171 esse
271 4129 333 4172 non
350 4120 445 4192 puto,
462 4121 589 4176 retenta
609 4116 757 4178 moderna
775 4134 831 4195 pro
850 4112 1024 4177 Provinciis
1043 4117 1110 4199 suis
1131 4116 1301 4179 baeredita-

77 4304 80 4311 .
179 4213 235 4272 riis
267 4215 352 4278 civili
386 4217 607 4297 legislatione,
652 4224 781 4301 primum
817 4220 891 4283 illud
925 4216 1060 4282 medium
1094 4221 1301 4303 arripiendum

183 4314 254 4378 esse
272 4320 464 4397 crediderit,
489 4325 543 4388 siet
568 4327 618 4404 id,
642 4329 724 4406 quod
750 4332 779 4392 in
800 4330 861 4392 boc
886 4327 959 4391 Sodi
985 4330 1080 4413 etiam
1107 4330 1299 4411 Apostolicae

184 4423 284 4507 magis
310 4424 496 4511 placiturum
524 4451 596 4496 csse
623 4436 777 4515 condeio,
805 4439 980 4501 sinautem
999 4440 1212 4521 posteriorem
1229 4434 1298 4499 illam
