2798 4860
599 304 647 329 --e
676 263 769 342 576>
790 302 831 317 ·-

54 540 57 546 ,
160 469 211 532 nbi
238 469 342 532 mixtis
367 450 457 529 matr.
483 462 635 549 Catholici
670 463 840 526 animarum
865 464 1012 540 pastores
1039 472 1104 520 nou
1136 450 1266 534 vilugio,

159 598 240 663 quae
255 597 315 642 nec
341 578 465 648 existit,
491 573 595 639 sedin
613 572 771 654 sequelam
798 570 1016 633 altissimarum
1044 563 1269 647 dispositionum

159 687 328 760 assistunt,
356 685 503 749 effective
520 681 676 746 introduci
693 679 823 743 necdum
839 678 998 760 potnerit;
1022 672 1168 755 diligenti
1184 680 1270 735 tamen

159 793 352 857 institutione
367 807 425 873 per
441 788 555 854 Sacros
573 788 726 852 Curiones
742 778 830 849 iuxta
846 785 1082 847 inviationem·a
1119 800 1169 844 me
1185 790 1267 844 accc·

159 895 241 981 'ptam
257 901 316 962 iarn
335 916 351 961 a
368 896 504 980 longiori
515 904 653 976 tempore
670 894 765 958 corda
781 884 916 976 fidelium
934 891 974 954 ad
989 891 1193 967 mutationem
1208 891 1273 954 hanc

162 1008 229 1070 sine
246 1007 412 1069 renitentia
429 1003 643 1087 recipiendam
660 1000 831 1083 diligenter
852 1005 1100 1082 praeparantur,
1125 1004 1158 1060 at
1172 1003 1273 1060 tantun

161 1121 365 1196 opportunum
401 1115 587 1192 expectatur
613 1115 753 1191 tempus,
788 1112 823 1169 ut
848 1105 886 1168 ad
914 1111 1016 1170 actum
1041 1103 1272 1170 introductionis

140 1218 144 1227 “
162 1218 363 1303 procedatur.

249 1319 512 1408 ceterum-plene
539 1340 683 1389 securam
714 1323 851 1387 reddere
884 1325 1026 1387 sustineo
1058 1319 1270 1412 celsitudinem

162 1433 320 1497 Vestram:
350 1448 474 1496 sensum
502 1448 600 1495 meum
628 1434 720 1495 etiam
746 1432 779 1494 in
805 1432 991 1514 quaestione
1018 1429 1059 1497 de
1076 1431 1184 1494 mixtis
1199 1424 1270 1490 matr.

22 1560 25 1567 ·
131 1520 138 1529 K
161 1540 320 1622 principiis
337 1538 500 1603 catholicis
519 1545 549 1602 et
564 1539 828 1604 venerandorum·
842 1536 1004 1602 Ecclesiae
1025 1534 1134 1618 Eung.
1152 1536 1268 1600 Antiati·

161 1652 223 1710 tum
240 1649 348 1711 sensui
364 1664 405 1740 ex
422 1663 494 1710 asse
520 1647 713 1711 conformem
741 1662 833 1725 esse;
859 1654 952 1727 atque
969 1645 1049 1709 ideo>
1060 1646 1115 1709 diti
1130 1638 1270 1724 nobtnquo

39 1840 42 1845 Ι
140 1788 143 1793 ‚
164 1759 245 1818 inter
264 1757 436 1818 anxietates
462 1762 565 1819 mente
590 1755 742 1819 revolvo:
769 1742 850 1838 quid‘
869 1755 942 1818 mihi
959 1757 993 1818 in
1008 1748 1148 1818 maxime
1164 1755 1272 1826 criticis,

162 1866 193 1925 in
210 1861 319 1944 quibus
335 1871 406 1926 actu
433 1864 626 1939 constituor,
652 1864 896 1927 circumstantiis
921 1862 1080 1945 agendum
1105 1865 1226 1935 veniat,
1247 1867 1271 1925 nt

162 1976 224 2033 tam
241 1960 402 2033 Ecclesiae
419 1973 545 2043 sensui,
573 1987 664 2051 quem
690 1989 751 2034 una
769 1989 839 2034 cum
856 1969 924 2033 aliis
942 1970 1109 2035 catholicis
1126 1969 1272 2057 Episcopis

163 2075 336 2158 aequaliter
353 2085 384 2141 et
401 2095 518 2141 summe
547 2095 684 2141 veneror
712 2097 748 2139 ac
775 2086 888 2155 teneo;
913 2095 1006 2157 quam
1029 2079 1127 2142 etiam
1144 2077 1272 2161 positivis

38 2166 41 2175 ¹
162 2184 281 2266 patriae
314 2184 436 2266 legibus
468 2203 525 2268 per
555 2185 710 2249 Summum
735 2187 851 2249 'lernae
883 2185 1057 2266 Principem
1088 2187 1227 2266 probatis
1247 2190 1271 2246 ct

162 2291 372 2365 contirmatis',
400 2291 437 2353 ad
465 2312 541 2374 quas
568 2293 785 2357 observandas
813 2292 875 2356 fide
900 2293 1000 2356 iurata
1020 2292 1273 2363 obstrictnssum.

164 2397 367 2461 conformiter
384 2402 535 2479 oportet?
552 2400 625 2463 Feci
643 2389 766 2482 quidem
785 2418 863 2483 ego,
887 2399 1114 2481 quamprimum
1131 2403 1273 2485 gratiosos

162 2504 361 2568 celsitudinis
387 2505 519 2570 Vestrae
546 2507 598 2572 16.
626 2507 697 2572 Jun.
724 2526 751 2571 a.
779 2529 807 2590 p.
833 2508 973 2591 signatas
1000 2510 1117 2572 literas
1145 2507 1272 2574 venerari

162 2613 266 2686 licuit,
293 2613 377 2677 illico
404 2612 550 2688 ordines,
578 2624 669 2694 prout
694 2618 726 2680 in
751 2615 1013 2680 literismeisdd.
1036 2617 1270 2702 suseptae

162 2717 235 2781 dicti
252 2720 323 2782 anni
351 2719 458 2781 Eidem
475 2720 656 2784 eelsitudini
674 2722 805 2786 Vestrae
822 2723 993 2788 humillime
1010 2727 1269 2807 perscriberem·

162 2825 349 2903 minuerem,
367 2833 399 2888 ut
424 2825 532 2889 fideles
557 2847 614 2909 per
639 2812 743 2892 totam*
760 2831 936 2896 Dioecesim
962 2834 993 2895 in
1016 2835 1269 2917 publicispariter

162 2938 193 2991 et
208 2933 337 3010 privatis
363 2933 608 2998 institutionibus
634 2936 678 3000 de>
698 2945 808 3001 natura
834 2942 999 3003 mixtorum
1029 2949 1124 3006 matr.
1152 2945 1269 3028 pennino

80 3065 82 3068 ⁴
161 3036 658 3125 informenturedoceantnrqne3
690 3065 781 3128 quem
811 3050 841 3110 in
873 3048 964 3111 linem
981 3049 1194 3116 circularibus
1208 3052 1265 3112 meis

161 3144 261 3208 literis
296 3163 352 3226 pro
379 3149 527 3212 uberiore
557 3150 609 3217 SS.
639 3151 807 3217 Curionum
838 3173 963 3237 quoqne
991 3159 1220 3237 capacitationa
1244 3160 1265 3216 ct

161 3251 333 3316 inviationc
366 3253 500 3320 adnexui
526 3258 563 3319 D.
589 3261 762 3342 Praepositi
789 3269 818 3326 et
845 3264 996 3327 Canonici
1031 3257 1167 3348 Georgii
1195 3262 1265 3344 Feje'r

159 3356 392 3424 lucubrationes
409 3364 447 3426 de
473 3366 577 3428 mixtis
605 3377 695 3432 matr.
715 3371 793 3451 typis
822 3370 983 3453 vulgatas,
1001 3382 1036 3437 ut
1054 3376 1162 3438 taliter
1178 3375 1262 3453 dispo·

57 3552 61 3557 .
160 3467 229 3541 siti,
256 3467 327 3531 dnm
348 3469 390 3532 ad
417 3479 518 3535 actum
543 3475 783 3540 introductionis
809 3496 990 3560 processum
1022 3481 1141 3557 luerit,
1172 3485 1262 3560 absquo

18 3664 22 3668 Α
53 3578 56 3585 “
75 3576 77 3580 ’
161 3576 420 3653 tergiversatione
446 3588 478 3641 et
499 3583 664 3645 renitentia
691 3585 854 3648 subiiciant
870 3605 904 3648 se
921 3587 994 3650 hnic
1013 3589 1180 3656 Ecclesiae
1195 3585 1259 3652 Cati.

60 3710 63 3716 ·
158 3674 351 3760 dispositioni
361 3705 369 3759 ;
403 3688 557 3764 passivam
584 3696 685 3752 tamen
713 3695 921 3758 assistentiam
948 3698 979 3758 in·
1008 3698 1118 3761 mixtis
1152 3705 1225 3762 matr.
1249 3709 1260 3750 t

157 3789 310 3870 prudente
335 3799 515 3858 oeconomia
542 3797 760 3864 ecclesiastica
776 3804 808 3866 in
827 3805 970 3866 ellectum
988 3805 1165 3884 deducere,
1181 3807 1259 3885 aliquo

157 3895 257 3961 adhuc
284 3905 424 3982 tempore
451 3903 577 3968 differre
604 3925 666 3970 non
693 3916 810 3973 tantum
840 3914 1016 3977 consultum
1045 3919 1198 3994 iudicavi,
1219 3908 1258 3974 sel

82 4092 87 4096 .
149 4003 384 4082 quodammodo
401 4018 531 4073 coactus
549 4014 642 4077 etiam
661 4033 727 4078 sum
755 4020 978 4098 sequentibus,
1008 4030 1041 4086 ut
1060 4029 1134 4089 mihi
1150 4024 1254 4086 videtur.

159 4112 289 4174 sonticis
316 4124 337 4176 e·
361 4119 481 4178 causis:
521 4118 548 4180 l.
576 4119 665 4191 Quod
701 4124 797 4187 sciam
832 4144 930 4208 grave
958 4129 1019 4192 hoc
1055 4133 1207 4213 negotium
1232 4122 1257 4185 td

159 4216 298 4281 thronum
324 4220 406 4284 Suae
431 4223 500 4304 Maj.
527 4223 612 4288 Sacr.
640 4235 670 4289 et
695 4225 746 4293 SS.
775 4230 884 4313 Apost.
909 4235 997 4297 Petri
1025 4245 1061 4300 et
1077 4239 1158 4303 rann
1180 4238 1257 4300 lium

157 4323 309 4425 perlatum
326 4345 419 4404 esse;
444 4330 481 4390 ab
505 4330 654 4395 altissima
683 4337 788 4417 itaque
813 4337 1020 4405 Resolutione
1047 4346 1165 4429 Regia,
1189 4345 1255 4424 pr⁰t¹

155 4430 246 4493 etiam
264 4427 350 4495 SSmi
377 4435 499 4499 Domini
525 4443 625 4503 ‘nostri
650 4440 764 4507 Summi
791 4443 947 4511 Pontificio
972 4454 1106 4517 oraculo
1129 4457 1250 4536 praesto·
