2798 4852
589 269 824 346 -503-

135 469 170 525 at
187 465 376 528 auctoritate
392 464 496 544 legem
516 464 639 529 civilem
655 486 725 530 cum
742 467 921 550 praeceptis
938 467 1102 550 religionis
1119 469 1150 531 in
1168 485 1265 551 aper.-

114 630 118 635 .
134 575 201 631 tam
218 568 413 634 collislouem
431 570 606 648 adducunt,
635 574 803 656 taliterque
819 576 1032 639 reverentiam
1047 574 1113 657 legi
1129 572 1267 669 debitam

135 676 341 741 venementer
356 677 558 742 labefactant.

229 782 461 849 Civium‘etiam
472 784 729 866 tranquillitatem
740 790 895 853 internam
907 776 1263 872 admodumpcrturbant

129 888 328 988 'Encyclicae
362 891 573 966 Praesuleae,
607 901 639 957 et
668 893 915 972 dubitationum,
947 898 1160 971 anxietatum,
1202 899 1263 962 imo

136 996 283 1061 odiorum
300 999 384 1063 inter
400 1015 455 1062 eos
471 1006 629 1081 spargunt
644 1003 775 1077 semina,
792 1020 901 1085 puram
917 1003 1159 1083 religiositatem
1175 1002 1264 1065 labe-

136 1100 257 1165 factant
268 1132 289 1179 ,»
309 1122 344 1167 ac
361 1101 462 1185 perid
479 1104 649 1169 moralitati
672 1109 732 1188 ipsi
758 1108 956 1173 insidiantur.
983 1109 1049 1173 Sub
1066 1107 1190 1172 delluxu
1207 1110 1261 1173 ni·

132 1207 248 1273 mirum
264 1211 399 1292 proximi
415 1211 594 1276 semiseculi
610 1213 704 1276 multa
715 1212 808 1278 millia
819 1223 908 1278 matr.
921 1216 1089 1280 mixtorum
1101 1213 1262 1291 coaluere,

132 1315 211 1398 kge
228 1335 291 1382 non
307 1316 408 1382 solum
436 1320 639 1401 permittente
656 1319 821 1384 sedetiam
838 1329 1050 1405 protegente3
1076 1337 1262 1403 persvasum

133 1426 228 1506 proin
254 1425 311 1489 luit
326 1428 447 1505 patriae
475 1426 612 1502 civibus,
639 1429 690 1502 id,
718 1429 801 1510 quod
826 1429 878 1492 lex
893 1435 1018 1503 tuetur,
1052 1427 1135 1510 quod
1150 1426 1263 1490 Olenus

134 1531 227 1595 Calli.
259 1531 437 1608 benedicit,
469 1535 530 1600 imo
563 1535 851 1618 dispensationibus
882 1543 1066 1616 promovet,
1098 1541 1263 1617 peccatum

132 1654 209 1703 esse
234 1641 386 1722 nequire;
409 1649 441 1704 at
465 1660 547 1706 nunc
572 1642 654 1707 idern
680 1643 789 1709 Clarus
815 1650 970 1724 tamquam
991 1650 1123 1724 peccata
1140 1643 1264 1704 damnat
1314 1682 1341 1693 .-

133 1747 232 1809 mixta
250 1747 425 1820 connubia,
451 1756 482 1811 et
499 1766 595 1830 super
609 1766 684 1821 eos,
708 1750 762 1832 qui
779 1749 831 1814 illa
847 1750 1003 1813 hactenus
1020 1749 1089 1814 sine
1107 1765 1261 1812 reversa·
1365 1760 1381 1783 ·’

130 1851 217 1918 libus
234 1852 445 1928 benedixere,
463 1857 524 1918 imo
541 1872 637 1936 super
652 1856 834 1920 universam
850 1855 1024 1920 Ecclesiam
1041 1856 1263 1936 Hungaricam
1344 1886 1349 1893 ·

134 1977 230 2042 quam
246 1948 363 2024 abusus
389 1962 548 2026 commissi
573 1962 674 2045 palam
692 1962 850 2045 postulat,
877 1964 1018 2044 seposita
1035 1964 1119 2024 omni
1135 1959 1261 2023 discre-

134 2070 222 2132 tione
240 2086 277 2129 ac
293 2067 463 2133 dilectione
479 2070 628 2133 iudicium
645 2068 810 2150 depromit.
834 2066 902 2142 llli,
927 2069 979 2147 qui
996 2067 1028 2131 in
1045 2064 1161 2149 populo
1179 2066 1259 2128 reli-

134 2175 296 2258 giosiores
328 2182 419 2251 sunt,
452 2176 667 2240 doctrinamve
697 2176 880 2240 Praesulum
910 2175 1105 2255 suscipiunt,
1139 2179 1263 2235 terrore

135 2283 394 2363 complebuntur:
419 2285 503 2363 quod
520 2302 589 2347 eam
606 2283 689 2346 vitae
706 2299 784 2347 suae
802 2288 940 2364 partem,
968 2299 1059 2361 quam
1075 2297 1261 2362 prosperam

134 2395 168 2452 et
195 2390 393 2452 innocentem
426 2390 666 2477 existimabant,
698 2378 731 2452 in
762 2395 895 2470 peccato
926 2390 1161 2470 transegerint;
1193 2404 1262 2448 cum
1355 2442 1358 2449 .

133 2495 272 2559 horrore
297 2495 468 2576 respicient
494 2498 669 2577 coniuges,
696 2495 878 2576 quibuscum
904 2496 1058 2559 hactenus
1084 2497 1214 2574 in'pace
1233 2500 1265 2554 ct
1328 2480 1338 2538 s

134 2603 270 2667 caritate
296 2605 463 2676 vixerunt,
490 2606 637 2682 vitaeque
663 2602 840 2686 coniugalis
865 2601 1100 2666 vicissitudines
1116 2601 1263 2664 lubenter

135 2705 242 2774 dartiti
252 2718 345 2792 sunt3
362 2711 549 2776 innocentes
559 2709 666 2793 proles
677 2727 749 2775 snas
759 2716 915 2792 tamquam
929 2709 1124 2772 consectaria
1142 2708 1264 2789 peccati

134 2816 402 2896 considerabunt3
422 2819 610 2883 maledicent
626 2802 863 2901 proinde'legi,
882 2819 940 2881 sub
956 2816 1047 2880 cuius
1064 2816 1161 2880 tutela
1178 2813 1262 2875 mix-

133 2931 202 2988 tum
218 2926 318 2988 iniere
341 2926 549 3002 connubium,
581 2924 766 2988 maledicent
792 2923 979 2997 Sacerdoti,
1004 2924 1056 3004 qui
1073 2920 1264 2987 connubium

134 3032 202 3096 tale
227 3033 409 3111 benedixit3
433 3033 557 3111 hocque
582 3033 704 3110 peccati
720 3047 817 3092 sensu
834 3031 938 3111 pressi
955 3036 1057 3091 actum
1081 3047 1170 3093 suum
1185 3044 1264 3115 pec-

135 3142 330 3205 caminosum
347 3160 445 3223 porro
463 3142 650 3203 continuare
666 3136 842 3209 debebunt,
864 3133 1016 3216 siquidem
1033 3133 1263 3197 matrimonium
1369 3124 1388 3175 s

136 3247 264 3312 solvere
281 3249 363 3312 haud
381 3249 421 3312 sit
438 3250 469 3312 iu
485 3246 606 3310 illorum
623 3250 793 3327 potestate.
828 3241 853 3306 li
871 3250 1034 3315 econtra,
1060 3240 1112 3321 qui
1129 3238 1264 3303 credere

136 3353 247 3449 nolent
263 3362 425 3436 peccatum
443 3373 536 3431 esse,
562 3353 648 3434 quod
664 3353 718 3416 lex
734 3351 877 3429 adusque
892 3350 1053 3432 protexit,
1070 3355 1101 3411 et
1117 3345 1262 3410 Ecclesia

135 3462 313 3546 promovit,
344 3462 586 3542 benedixitque:
630 3460 890 3525 abalienabuntur
917 3458 955 3520 ab
981 3456 1145 3531 Ecclesia,
1179 3461 1211 3516 et
1238 3451 1264 3516 s'i

137 3571 240 3635 semel
256 3586 351 3650 super
375 3568 499 3652 placitis
520 3569 698 3651 Religionis
724 3566 868 3630 dubitare
884 3563 1078 3644 inceperint,
1103 3560 1194 3624 dubia
1210 3560 1226 3625 i
1244 3592 1263 3607 -

137 3676 199 3741 cile
226 3675 264 3738 ad
290 3675 365 3739 alias
391 3692 518 3756 quoque
542 3674 717 3755 Religionis
744 3671 896 3736 veritates
928 3669 1134 3734 transferent.
1165 3667 1263 3730 Huius

103 3762 108 3773 ¹
138 3792 244 3850 autem
260 3787 308 3848 rei
324 3783 559 3848 consectarium
586 3781 647 3842 erit
671 3778 967 3851 indifferenterque,
994 3776 1158 3857 irreligio,
1184 3789 1265 3853 quae

137 3894 238 3974 ipsam
255 3890 360 3974 populi
378 3889 583 3954 moralitatem
601 3887 664 3952 cito
682 3894 870 3965 corrumpet,
893 3892 925 3948 et
942 3883 1065 3947 civilem
1081 3879 1283 3945 societatem·

138 3998 235 4063 tacito
263 3996 386 4080 quidem
413 3997 470 4062 sed
497 4003 586 4060 certo
612 3994 743 4059 custode
769 3995 921 4073 privabit,
938 4008 1019 4053 voce
1036 3991 1179 4054 nimirum
1194 4005 1265 4049 mo-

139 4107 246 4172 nentis
271 4108 495 4170 conscientiae.
1118 4152 1121 4157 ,
1203 4180 1208 4191 ,

229 4214 427 4278 Veneremur
443 4229 502 4274 nos
528 4210 667 4274 cuiusvis
696 4210 834 4272 intimam
852 4206 1093 4283 convictionem,
1110 4219 1170 4264 nec
1185 4217 1265 4281 pro-

142 4324 282 4406 positum
301 4319 393 4384 nobis
411 4327 459 4382 est
474 4320 554 4381 banc
570 4314 777 4397 inpraesenti
793 4331 868 4376 casu
884 4310 1025 4395 aggredi,
1043 4326 1111 4371 cnm
1126 4306 1158 4370 id
1173 4304 1265 4369 unice

141 4427 373 4512 Omnipotentis
390 4415 582 4490 Dei'iudicio
599 4423 734 4502 relinqui
750 4419 881 4496 debeat3
906 4424 936 4479 at
953 4417 985 4478 in
1011 4413 1095 4479 civili
1110 4411 1266 4478 societaet
