2798 4852
593 314 636 340 -·-
671 283 747 354 Ι’147
776 322 827 335 -

122 474 185 548 tas,
204 476 376 559 benignum
396 478 434 537 sit
451 477 596 555 precibus
614 479 689 538 meis
708 475 903 556 praebiturus
921 475 1078 550 auditum,
1096 485 1126 539 ct
1143 500 1255 561 quem-
1350 470 1355 480 ’

120 578 296 647 admodum'
313 601 370 665 pro
394 583 600 646 incumbente
625 584 698 646 mibi
713 600 841 645 munere
858 580 1039 666 Episcopali
1056 585 1158 646 medio
1175 587 1252 649 sub·

118 698 248 753 stratae
270 689 544 751 remonstrationis
562 676 740 772 enorabam,
770 706 826 771 pro
849 689 992 771 Augusta
1010 708 1065 752 sua
1083 694 1114 754 in
1131 693 1247 757 avitam

114 795 329 877 Religionem
347 829 386 838 —-
406 812 486 874 quae
511 793 717 858 firmissimum
739 801 789 857 est
805 797 1003 875 imperiorum
1022 789 1262 862 tundamentum

118 934 163 945 -
187 903 325 982 pietate,
349 909 521 981 sanctoque
539 900 713 965 Ecclesiam
729 898 786 963 Dei
804 904 935 984 eiusque
951 902 1126 966 libertatem
1144 904 1251 968 tuendi

115 1008 231 1071 studio
258 1025 397 1089 congrua
424 1011 489 1071 suis
514 996 845 1091 locis'dispositurus,
871 1007 1056 1090 clerumque
1084 1010 1251 1074 Ilioecesis

116 1132 239 1187 meae,
267 1115 485 1178 eonscientiae
503 1115 707 1178 sacerdotalis
723 1116 920 1190 libertatem,
938 1117 1249 1200 ecclesiasticamque

114 1228 314 1301 potestatem
344 1229 376 1283 et
408 1225 630 1285 immunitatem
667 1223 857 1287 validissimo
894 1224 1101 1288 Auctoritatis
1133 1224 1252 1308 Regiae

114 1327 285 1408 praesidio
319 1335 486 1392 tutaturus.
1145 1341 1149 1347 ’

216 1435 410 1516 Quamquam
427 1426 502 1498 vero
519 1454 702 1515 persuasum
719 1444 858 1509 teneam,
885 1436 1108 1501 Sacerdotalos
1126 1441 1249 1502 animos

114 1559 302 1623 nusquam,
327 1549 361 1603 ut
387 1548 491 1604 monet
506 1539 603 1604 Divus
620 1541 684 1604 Leo
702 1543 804 1623 Papa,
830 1541 1058 1615 lluctuaturos,
1082 1547 1252 1608 conscien-

113 1651 259 1729 tiamque
283 1646 511 1710 sacerdotalem
538 1666 597 1710 nec
615 1650 697 1710 inter
724 1649 942 1713 adversitatum
969 1656 1075 1712 aestus
1093 1650 1199 1733 trangi
1219 1659 1250 1714 et
1279 1682 1282 1691 ·

113 1754 309 1819 labefactari
335 1771 431 1832 posse
451 1762 659 1834 —quantum
687 1756 769 1818 enim
797 1755 971 1821 lormldinis
988 1765 1019 1820 et
1036 1757 1170 1820 terroris
1189 1758 1250 1820 ad-

113 1864 246 1932 fertur,
282 1867 398 1922 tentum
428 1863 513 1924 iuxta
539 1862 575 1922 l).
600 1859 789 1943 Cyprianum
815 1866 898 1928 inest
928 1862 1117 1927 sacerdotali
1143 1867 1246 1928 animo

113 1969 249 2032 roboris
276 1973 369 2048 atque
396 1966 585 2030 tortitudinis
612 2002 655 2012 -
681 1971 897 2051 neminemque
919 1970 1035 2042 abeo,
1062 1971 1145 2052 quod
1163 1975 1249 2034 sacri
1360 1990 1363 1994 ·

113 2072 219 2139 oflicii
244 2075 346 2144 ratio,
364 2079 395 2134 et
413 2076 648 2148 conscientiae,
675 2093 755 2155 quae
776 2075 927 2139 vacillare
944 2077 1070 2156 nequit,
1089 2075 1246 2139 dictamen

113 2178 281 2264 postulat,
307 2179 516 2251 desciturum,
543 2179 599 2241 sed
627 2198 737 2243 omnes
762 2196 796 2240 se
822 2181 1015 2243 exhibituros
1033 2187 1066 2243 ut
1090 2179 1249 2244 llinistros

113 2285 257 2360 Ultristi,
274 2292 304 2346 et
320 2284 427 2347 fideles
449 2287 669 2365 mysteriorum
694 2288 753 2348 Dei
779 2285 1032 2368 dispensatores,
1060 2287 1248 2369 legibusque

113 2390 296 2464 Ecclesiae,
307 2395 358 2454 cui
380 2395 607 2455 sacratioribus
620 2392 751 2455 vinculis
763 2393 1009 2474 obstringuntur,
1021 2393 1125 2456 alacre
1140 2411 1250 2483 prome

113 2507 248 2578 tumque
264 2497 447 2579 obsequium
465 2516 589 2578 semper
605 2500 832 2578 praestituros:
850 2517 906 2579 pro
923 2500 1122 2563 incumbente
1139 2484 1241 2564 tamen

113 2605 318 2689 Episcopalis
337 2604 432 2669 ollleii
451 2603 557 2668 debito
574 2606 611 2666 D.
630 2606 720 2667 Vram
738 2614 769 2667 et
782 2625 839 2688 per
856 2604 991 2669 Eandem
1009 2614 1142 2670 cunctos
1160 2608 1246 2671 Con·

113 2711 338 2776 districtuales
355 2729 428 2775 suos
445 2713 556 2775 bortor
574 2720 605 2774 et
621 2712 772 2787 obsecro,
789 2721 822 2774 ut
839 2715 1044 2776 ministerium
1062 2732 1149 2777 suum
1167 2713 1250 2776 lide·
1310 2768 1313 2773 .

112 2821 197 2884 liter
213 2817 380 2909 impleant,
408 2824 501 2899 atque
518 2835 672 2881 memores
690 2821 858 2883 verborum
875 2819 946 2880 Divi
962 2820 1122 2883 Ambrosii
1139 2818 1249 2892 „didi-

113 2929 221 2991 cimus
237 2922 351 2987 Christi
368 2925 483 2987 servuli
510 2943 582 2988 non·
597 2925 729 2988 timere“
756 2925 841 2988 lrrma
859 2933 979 2997 mente,
1013 2937 1093 3006 quae·
1110 2922 1250 3009 'propter

113 3032 305 3096 muletarum
322 3024 575 3110 pecuniartarum
593 3040 707 3093 metum
724 3048 786 3093 non
803 3031 959 3112 trepidat,
977 3049 1120 3113 quaeque
1138 3041 1250 3117 terre<

113 3148 235 3204 uorum
251 3144 283 3199 et
298 3137 488 3200 caducorum
506 3137 658 3198 bonorum
676 3133 913 3197 amittendorum
924 3133 1019 3197 causa
1031 3122 1245 3200 conscientiae

113 3243 298 3316 dictamini,
323 3245 541 3306 sanctionibus
560 3241 783 3304 ecelesiasticis
807 3240 964 3321 refragari
989 3240 1145 3321 piaculum
1173 3259 1246 3306 esse

113 3358 267 3432 reputat,
293 3368 349 3422 ea,
368 3368 447 3430 quae
463 3350 573 3412 intuitu
589 3324 754 3412 mixtorum
771 3336 1038 3412 matrimoniorum
1055 3352 1175 3411 sancita
1192 3349 1247 3411 ba·

113 3462 244 3528 bentur,
257 3457 437 3531 observent,
459 3464 489 3517 et
500 3460 525 3519 st
537 3473 617 3536 quae
628 3456 775 3518 buiusret
787 3470 880 3517 eausa
892 3452 977 3517 Deus
988 3456 1050 3536 pati
1067 3461 1098 3517 et
1108 3454 1256 3535 tolerare

113 3564 268 3635 coluerit,
285 3563 358 3625 torti
370 3565 655 3644 erectoqueanimo
667 3563 851 3638 sustineant,
863 3568 1248 3644 teneantquepersvasum
1343 3641 1348 3651 Ι

113 3670 196 3737 nibil
218 3670 526 3750 praetermittendum
539 3688 621 3743 esse,
633 3669 715 3750 quod
727 3668 765 3731 a'd
778 3668 1004 3751 depellendum,
1014 3668 1096 3751 quod
1110 3674 1245 3752 paratur,

113 3780 344 3844 detrimentum
365 3777 511 3840 conterre
527 3780 653 3858 potest3
681 3777 763 3838 unde
781 3778 807 3838 si
824 3795 914 3857 quem
935 3777 1067 3839 Aetione
1085 3756 1247 3838 mediante
1338 3828 1342 3833 .

113 3892 258 3971 propter
269 3880 332 3946 non
342 3887 529 3966 impertitam
540 3886 570 3946 in
581 3881 724 3946 Ecclesia
741 3884 1033 3960 benedictionemin
1048 3899 1248 3944 causam-vo·
1273 3901 1278 3907 ·
1375 3914 1379 3926 ·

113 3994 189 4057 cari
210 3993 390 4072 contigerit,
412 3991 619 4054 exhibendum
630 3990 765 4054 libellum
778 3991 963 4053 actionalem
975 3990 1035 4052 lme
1056 3987 1246 4052 obtinendae

113 4097 303 4164 inviationis
324 4086 585 4179 impendendique
603 4098 751 4178 praesidii
768 4096 1033 4161 inditateborsum
1051 4092 1245 4158 submittant.

129 4216 132 4221 '
208 4202 454 4268 'lribulationcm
472 4213 609 4267 nostram
627 4239 669 4249 -
687 4224 755 4267 nam
774 4214 911 4267 meorum
927 4248 952 4276 ,--
962 4219 1040 4284 quos
1057 4205 1088 4265 in
1105 4202 1240 4264 visceri·

113 4318 177 4380 bus
194 4319 348 4393 paternae
367 4314 505 4396 caritatis
522 4292 611 4395 gero,
625 4313 783 4390 calamitas
801 4328 868 4374 mea
886 4312 1069 4391 quoqucest
1085 4306 1242 4371 tribulatio
1264 4358 1269 4363 .
1312 4312 1316 4324 “

113 4452 158 4466 -
181 4412 360 4482 sublevabit
377 4416 427 4495 ls,
443 4423 572 4501 propter
591 4435 681 4500 quem
697 4416 771 4480 tatia
788 4418 998 4493 sustinemus,
1014 4420 1045 4478 et
1062 4400 1242 4509 consolabi-
