2798 4852
591 262 824 335 -5124

144 461 258 528 abinde
275 466 381 522 tamen
397 459 527 540 necdum
543 458 704 535 remissos,
721 457 876 519 Prooercs
894 457 989 518 missa
1009 474 1067 538 pro
1086 475 1172 520 nunc
1183 456 1255 521 illius

69 632 71 636 t
110 562 113 569 ’
142 568 335 653 tpuaastiouis
352 564 569 629 discussione:
596 583 635 628 an
654 572 685 627 et
701 571 855 645 quatenus
872 565 967 627 citata
985 563 1040 627 lex
1051 563 1092 626 ad
1108 582 1255 646 praesen·

140 682 200 738 tem
217 691 324 740 casum
342 671 492 753 applicari
508 669 637 734 valeat?
654 671 713 750 ipsi
729 688 856 751 quoque
872 686 1054 751 congruum
1073 673 1255 739 existimant.

141 789 174 847 ut
189 782 364 845 Processus
381 777 444 850 illi,
470 779 523 857 qui
548 775 578 839 vi
604 778 680 841 iuris
697 794 861 857 supremae
878 779 1084 857 inspectionis
1108 779 1148 840 ad
1165 779 1256 843 locun

141 888 321 952 altissimum
339 884 514 948 transmissi
531 880 636 956 luere,
651 884 725 947 inde
744 902 812 947 cum
834 884 973 965 benigna
990 884 1075 946 Suae
1092 885 1257 949 Maiestatis

139 990 555 1073 Resolutione.,respectivis
582 987 857 1054 iurisdictionibus
894 991 1106 1054 remittantur.
1143 993 1202 1055 Ast
1224 992 1256 1053 ad

139 1099 221 1165 aliud
237 1097 376 1162 Statuam
394 1103 425 1160 et
442 1095 504 1158 00.
523 1096 719 1177 postulatum,
744 1102 778 1158 ut
794 1099 907 1178 quippe
923 1099 985 1160 Sua
1002 1097 1155 1160 Maiestas
1172 1099 1205 1158 in
1224 1118 1256 1161 eo

141 1213 299 1278 exoretur,
318 1224 380 1286 quo
397 1204 549 1285 deinceps
565 1204 663 1266 Bellis
687 1203 901 1284 brevibusque
918 1204 1089 1269 Pontificiis
1106 1225 1179 1269 cum
1195 1192 1257 1288 lege

139 1312 241 1394 Regni
256 1312 467 1393 pugnantibus
485 1308 639 1373 Placetum
656 1311 839 1390 denegare,
867 1330 921 1374 eas
940 1330 1016 1375 vero
1041 1312 1150 1375 Butlas
1167 1331 1256 1394 eaque

138 1419 261 1492 Brevia,
279 1436 358 1500 quae
375 1417 501 1478 Placete
527 1433 584 1479 suo
602 1418 757 1493 munierit,
786 1418 928 1481 comitiis
944 1417 1049 1500 Regni
1068 1419 1109 1481 de
1126 1427 1258 1500 tempore

139 1525 171 1589 in
191 1534 311 1606 tempus
328 1526 536 1588 substernere
554 1524 649 1587 velit:
676 1525 770 1587 iidem
795 1525 948 1588 Proceres
966 1526 1027 1587 iam
1046 1528 1099 1588 vel
1118 1527 1193 1590 ideo
1208 1545 1256 1588 ao·

137 1632 252 1697 cadere
269 1651 332 1710 non
349 1639 491 1714 possunt,
509 1633 579 1712 quia
596 1630 712 1694 nullum
729 1633 765 1695 in
779 1633 933 1707 anteactis
950 1632 1191 1698 tundamentum
1206 1635 1256 1696 de·

136 1738 353 1826 prebendunt,
382 1740 433 1801 cui
449 1755 562 1800 novam
582 1738 736 1821 eiusmodi
757 1739 972 1820 provisionem
982 1749 1257 1821 superstruemus

137 1861 234 1924 porro
250 1843 509 1925 quemadmodum
535 1847 583 1909 ius
599 1844 716 1917 Placeti
743 1845 856 1924 ubique
883 1848 994 1908 stricte
1012 1845 1051 1907 ad
1071 1850 1143 1911 iura
1161 1848 1256 1912 Civilis

52 2011 55 2018 .
139 1951 312 2014 Maiestatis
328 1951 483 2033 retertur:
502 1953 541 2015 ita
557 1951 760 2032 Reipublicae
777 1953 860 2015 bono
877 1952 995 2033 optime
1011 1952 1142 2029 consuli
1159 1954 1253 2036 perid

136 2064 267 2121 censent
283 2058 451 2130 Proceros,
467 2061 494 2122 si
511 2058 543 2121 in
560 2059 661 2121 Patria
680 2061 774 2122 etiam
792 2065 898 2122 nostra
924 2061 974 2121 ius
990 2058 1070 2122 illud
1086 2060 1154 2123 Sua
1170 2061 1255 2141 Maie-

53 2163 57 2168 ’
137 2171 202 2228 stas
219 2164 383 2229 exclusive
401 2172 562 2247 exerceat,
579 2169 732 2230 exercitio
749 2168 827 2229 iuris
844 2166 935 2229 buius
952 2166 991 2228 ad
1009 2166 1148 2232 Comitia
1164 2168 1255 2250 Regni

136 2271 187 2336 vel
207 2288 247 2336 ex
264 2290 303 2335 eo
320 2271 486 2337 transferri
504 2279 694 2354 nequeunte,
712 2272 793 2354 quod
810 2271 919 2336 Brevia
933 2273 1096 2338 Pontificio
1115 2277 1150 2338 in
1165 2277 1254 2358 pluri·

136 2377 193 2441 mis
210 2379 334 2443 casibus
351 2378 537 2443 relationem
555 2378 716 2444 Ecclesiae
733 2381 772 2443 ad
789 2379 896 2443 fideles
913 2388 1072 2462 spectent,
1090 2390 1126 2445 et
1141 2384 1213 2448 talia
1227 2385 1253 2446 in

135 2500 171 2545 se
187 2487 380 2556 contineant,
398 2504 476 2565 quae
494 2488 610 2567 absque
621 2486 784 2550 rnaoilesta
795 2487 1039 2560 individuorum,
1058 2490 1195 2570 quorum
1207 2508 1253 2552 re-

134 2589 267 2654 lationes
285 2601 498 2665 concernunt,
532 2595 811 2675 compromissione
837 2595 979 2676 publicae
996 2593 1158 2661 Comitiali
1186 2615 1252 2680 per·

137 2700 313 2761 tractationi
330 2701 486 2763 substerni
505 2700 683 2763 nullatenus
701 2710 843 2781 possunt.

223 2797 331 2876 Quoad
359 2806 553 2869 matrimonia
582 2809 650 2880 illa,
683 2828 762 2889 quae
790 2829 894 2873 coram
921 2810 1074 2874 Ministris
1104 2814 1249 2875 acatholi-

135 2911 181 2970 cis
206 2917 367 2972 contracta
395 2918 486 2984 sunt,
506 2920 572 2983 utut
589 2913 741 2977 Procercs
759 2934 883 2996 quoque
902 2919 1020 2978 summe
1040 2918 1173 2981 doleant
1188 2937 1248 2981 sor·

134 3022 195 3078 tem
228 3018 397 3099 coniugum
429 3017 623 3090 huiusmodi,
666 3039 735 3082 curn
779 3028 881 3084 tamen
919 3023 1121 3087 matrimonia
1156 3025 1249 3089 taliter

132 3129 296 3185 contracta
314 3125 344 3186 in
362 3125 530 3189 obversum
548 3128 703 3207 positivae
719 3128 800 3210 legis
827 3132 872 3191 sic
895 3131 967 3192 inita
985 3130 1128 3205 luerint,
1155 3148 1249 3194 corun

129 3228 389 3293 revalidationem
414 3250 471 3311 per
497 3251 609 3296 novam
644 3235 747 3317 legem
784 3237 913 3299 decerni
949 3237 1033 3299 baud
1063 3257 1160 3318 posse
1189 3241 1249 3302 eni·

135 3337 276 3406 stimant,
309 3338 363 3398 sed
392 3340 548 3420 agendum
575 3359 666 3413 csse,
692 3350 724 3405 ut
748 3344 918 3424 respectivi
949 3346 1110 3426 coniuges
1128 3347 1242 3411 adcon·

56 3452 58 3455 ·
132 3450 312 3506 cernentem
341 3445 507 3524 parochum
533 3449 718 3511 catholicum
754 3451 929 3524 indentur,
961 3453 992 3513 in
1020 3462 1173 3533 quantum
1196 3473 1245 3516 au·

129 3555 193 3609 tem
221 3558 370 3629 parentes
401 3557 515 3618 mortui
549 3564 682 3628 essent,
717 3575 814 3637 scopo
851 3559 1129 3639 legitimandarum
1160 3561 1245 3644 proli-

130 3672 179 3716 um
198 3672 215 3715 ο
234 3657 346 3721 talibus
374 3663 530 3743 coniugiis
555 3665 793 3745 progenitarum
822 3664 857 3725 ad
876 3664 967 3727 Suam
985 3665 1184 3732 Maiestatem
1198 3686 1243 3730 ru-

129 3769 282 3824 curratur.
