2798 4852
461 238 468 365 ,Ι
508 262 910 392 ψ*

37 482 81 589 '3
150 472 291 557 Ecclesia
317 492 475 556 Catbolioa
492 510 553 556 non
578 502 683 585 potest
710 512 800 560 sacro
811 496 880 559 ritu
896 496 1035 579 probare
1052 500 1193 583 nuptias,
1215 499 1256 564 ubi
1298 542 1301 553 ·

141 607 347 679 nontantum
364 600 479 675 coniun'
505 596 657 665 catholica
682 603 821 683 periculo
844 604 1083 686 perversionis,
1109 605 1256 669 sedetiam

61 759 65 765 .
149 708 254 789 proles
279 708 310 770 in
337 709 463 772 haeresi
488 708 670 780 'educandae
685 696 824 791 periculo
857 702 1013 775 aeternae
1039 713 1256 796 reprobationis

102 838 106 845 ·
151 818 367 897 exponuntur,
394 823 425 889 et
449 815 579 898 insuper
603 816 661 879 bac
689 818 719 878 in
734 817 943 881 relatione'ad
960 818 1141 884 Ecclesiam
1155 820 1255 885 Gatbo·

91 948 94 953 ·
149 905 240 986 licam
255 923 335 986 certi
352 921 491 985 eiusdem
508 923 617 997 hostes
635 921 787 987 educandi
803 928 864 988 iam
880 929 912 988 in
928 933 1129 990 antecessum
1147 912 1179 992 in
1194 926 1256 993 latit
1298 920 1301 983 ῐ

57 1018 73 1091 ’.
150 1030 309 1094 Ecclesiae
335 1031 536 1112 spondentur.
562 1031 601 1092 Et
628 1030 697 1092 ideo
724 1031 828 1095 Curati
855 1035 1019 1112 systemati
1050 1041 1084 1096 et
1111 1016 1256 1100 domninae

55 1124 77 1213 J
149 1136 310 1200 Ecclesiae
320 1135 498 1198 Catholicae
511 1135 712 1219 eiusdemque
729 1145 839 1202 centro
855 1139 1140 1224 Unitatisffirmiter
1156 1124 1256 1205 adbae-

32 1244 60 1315 ᾗ
149 1251 276 1317 renteS,
311 1261 379 1306 oum
413 1251 522 1306 contra
548 1246 773 1329 conscientiam
800 1242 995 1330 eprincipiis
1019 1266 1119 1311 sanae
1146 1247 1254 1314 llorolia

151 1369 251 1433 agere
276 1351 502 1441 nonpossint,
529 1370 547 1412 e
572 1359 662 1433 parte
687 1370 764 1415 vero
788 1352 997 1428 dioecesana,
1022 1363 1056 1419 ut
1078 1359 1141 1420 iam
1156 1356 1255 1429 vident

31 1452 34 1457 ’
151 1459 264 1523 nullam
289 1451 559 1541 spemhabeant,
593 1465 626 1520 ut
652 1459 683 1521 in
709 1477 813 1523 casum
846 1461 937 1524 etiam
970 1461 1213 1526 accomodarum
1235 1472 1256 1526 ct

150 1568 320 1631 lavantium
346 1560 559 1629 adiuncturum
579 1549 755 1631 ⁴remedium
780 1569 840 1632 boc
864 1576 1060 1633 momentoso
1086 1571 1117 1632 in
1145 1572 1255 1654 negotio

37 1722 41 1732 .
150 1681 318 1756 quaeratur
330 1653 347 1747 ,’
367 1673 536 1735 humillime
552 1673 714 1738 declarare
747 1679 993 1740 necessitantur:
1031 1678 1254 1758 quodinsalro

151 1781 357 1861 relinquendo
375 1780 548 1844 Articulum
567 1782 619 1844 26.
638 1784 664 1844 si
681 1791 788 1859 partes
805 1785 931 1846 mixtum
948 1785 1180 1849 matrimonium
1197 1786 1254 1848 abs·

155 1909 215 1969 que
231 1891 359 1972 praevie
377 1889 446 1952 data
464 1891 636 1970 sponsione
651 1891 784 1954 omnium
803 1876 936 1974 prolium
953 1894 984 1955 in
999 1893 1067 1954 Rel.
1086 1892 1255 1956 Cambodu-

153 1995 321 2062 candarum
339 2000 527 2061 contrahere
545 2002 708 2079 cupientes
726 2000 805 2062 nuda
821 2007 952 2075 etmuta
971 2000 1106 2065 Par'ocbi
1123 2019 1256 2085 praesen-

48 2096 52 2105 ’
152 2110 193 2171 tia
210 2102 388 2171 contentari
402 2105 587 2178 noluerint,
614 2106 814 2188 easdempro
829 2105 1013 2189 recipiendo
1038 2109 1103 2170 ritu
1121 2106 1212 2172 s'aoro
1227 2103 1255 2168 ad
1299 2170 1301 2199 Ι

63 2266 66 2273 .
109 2221 112 2227 ’
135 2208 378 2309 ¹cancellariam
394 2211 477 2277 Suae
494 2213 685 2295 illustritatis
700 2210 827 2296 -Eppalis
844 2213 988 2276 inviaturi
1005 2206 1080 2276 sint.
1117 2292 1120 2297 Ι

623 2468 626 2473 .
666 2409 754 2484 577.

251 2554 255 2558 ’
290 2582 293 2587 ·
360 2564 1067 2665 ιιιιροιιιιηΕριιιοριιι.ιο.ιιιιν.ιιιιι.

176 2715 181 2719 ’
234 2738 361 2819 -Missis,
388 2754 466 2815 quae
482 2735 531 2797 bic
549 2735 588 2797 de
606 2734 788 2798 diversitate
814 2735 1038 2815 principiorum
1062 2733 1262 2797 cancellariae

154 2862 261 2917 meae,
287 2851 378 2923 atque
404 2855 530 2915 eorum,
557 2842 636 2924 quae
662 2842 880 2905 Districtbales
897 2842 928 2921 lu
943 2849 1093 2923 respectu
1111 2844 1262 2908 matrimo-

102 2964 105 2969 '
155 2952 276 3015 nicrum
292 2952 321 3013 in
340 2969 481 3032 genere,
506 2958 538 3013 et
561 2951 730 3012 mixtorum
756 2953 787 3013 in
808 2952 917 3031 specie
944 2956 1072 3026 tenent,
1091 2949 1264 3035 inapposite

44 3142 48 3155 Ι
67 3050 71 3129 ]
153 3059 316 3133 dicuntur,
334 3067 424 3140 prout
441 3066 473 3121 et
489 3058 650 3139 quibusvis
668 3058 952 3140 grammaticalibus
978 3056 1264 3139 disceptationibus.

9 3242 16 3255 ,
74 3182 77 3187 ’
152 3187 211 3231 ceu
227 3169 481 3249 supervacaneis,
500 3167 584 3229 etad
601 3185 667 3227 rem
684 3184 746 3228 non
764 3150 992 3246 pertinentibus
1003 3185 1011 3240 ;
1031 3183 1103 3237 cum
1122 3168 1172 3229 bic
1188 3167 1265 3229 unice

153 3294 189 3338 ea
206 3276 413 3339 subversetur
431 3274 591 3356 quaestio:
616 3280 716 3335 atrurn
735 3274 925 3334 matrimonia
942 3272 1090 3355 diversae
1109 3273 1263 3354 religionis

63 3405 66 3411 ·
95 3434 100 3471 ·.
153 3385 319 3467 coniugum
334 3402 390 3465 per
407 3383 562 3467 parochos
580 3382 772 3457 catholicos,
791 3380 1039 3461 quibus-rolleno
1055 3380 1095 3442 ad
1115 3380 1263 3444 decretum

94 3472 97 3477 ¹
153 3489 248 3554 Cone.
264 3490 433 3561 Tridentini
450 3490 533 3552 Sess,
550 3489 603 3551 24.
622 3507 688 3570 cap.
711 3489 738 3551 l.
749 3488 787 3551 de
804 3487 862 3555 nol.
881 3495 970 3550 matr.
988 3487 1151 3551 etiamlen
1167 3490 1264 3570 patria,

154 3596 302 3660 articulus
319 3600 432 3680 quippe
450 3595 510 3661 to:
540 3593 632 3656 1791.
658 3597 889 3676 copulationem
905 3594 1081 3669 huiusmodi
1109 3598 1265 3677 coniugum

153 3702 298 3775 adseruit,
316 3722 354 3765 eo
371 3720 494 3783 quoque
511 3702 542 3767 in
559 3721 652 3777 casu,
676 3703 747 3766 dnm
776 3719 910 3786 sponsus
927 3721 998 3785 aug.
1018 3701 1070 3764 vel
1088 3704 1176 3767 belv.
1193 3702 1264 3765 Con·

30 3812 33 3817 '
153 3813 282 3876 lessioni
299 3809 439 3873 addictus
457 3809 656 3891 sponsionem
681 3812 719 3874 de
737 3811 871 3874 omnium
905 3810 1040 3895 prolium
1059 3811 1092 3873 in
1109 3812 1178 3875 liel.
1194 3808 1266 3874 Gati-

59 3966 64 3973 -
107 3925 125 3993 ’,
152 3920 337 3983 educatione
355 3918 430 3982 dare
456 3917 627 3990 detrectat,
653 3919 716 3982 rito
741 3920 778 3981 ab
796 3919 868 3980 olim
886 3921 916 3981 in
934 3917 1081 3981 Ecclesia
1099 3917 1264 4002 ilungarica

153 4030 267 4091 usitato
295 4027 378 4107 ultro
405 4028 496 4088 etiam
528 4026 560 4088 in
585 4027 665 4089 faeie
691 4026 855 4090 Ecclesiae
878 4026 1097 4089 benedicenda
1117 4026 1198 4102 sint,
1220 4038 1265 4087 net

154 4137 219 4196 ne?
244 4135 465 4219 Respondetur
492 4135 694 4208 affirmative,
720 4139 746 4198 si
764 4155 876 4217 nempe
903 4135 1018 4199 nullum
1037 4135 1161 4197 obtinet
1178 4148 1263 4196 cano·

40 4304 44 4311 ,
153 4245 255 4306 uicum
270 4244 542 4326 impedimentum,
569 4249 599 4304 et
617 4243 811 4323 respectivus
839 4230 972 4310 (iuratus
998 4241 1075 4304 nibil
1102 4236 1262 4304 intermisit

152 4356 264 4413 uttam
281 4364 434 4433 sponsae,
460 4370 550 4433 quarn
583 4353 649 4412 eius
682 4350 812 4431 prolium
840 4355 999 4411 aeternam
1025 4349 1163 4411 salutern
1193 4341 1261 4407 onni

152 4457 282 4523 meliore
299 4461 390 4521 modo
407 4444 549 4523 securam
565 4459 698 4535 reddat-3
721 4464 752 4519 ct
770 4454 898 4535 quidem
912 4471 1074 4535 cousque,
1092 4454 1190 4517 donec
1204 4451 1257 4513 sors
