2798 4852
570 299 618 314 -
653 250 820 325 422.-

125 454 216 517 -tione
234 450 281 513 sui
298 450 430 533 parochi
446 451 566 533 apertis
582 445 730 529 periculis
742 442 927 509 amittendae
938 445 1020 519 lidel,
1058 447 1240 529 quietis-ani·

134 560 185 636 mi,
204 557 311 620 salutis
328 563 488 629 aeternae,
507 564 538 620 et
554 537 827 620 sacramentorum
843 541 1135 635 profanarum-um,
1156 557 1240 619 variis

134 666 269 751 denique
288 665 389 744 iisque
407 680 467 727 nun
486 661 607 725 leuibus
625 680 661 724 ac
678 662 834 724 continuis
860 660 1013 751 peccandi
1039 663 1242 726 occasionibus

43 758 46 763 ¹
133 767 361 845 obiiciendum,
394 780 471 850 quae
489 787 523 831 se
542 788 581 830 ex
599 768 708 831 eadem
735 767 935 830 institutione
963 768 1023 830 scit
1040 770 1072 830 in
1089 769 1183 831 mixto
1198 787 1241 832 suo

32 934 36 943 .
135 877 332 941 matrimonio
350 875 428 939 imes
447 877 585 958 coniugii
597 875 769 938 nobiliores
786 872 889 954 quoad
906 881 1041 938 mutuam
1057 876 1141 938 uitae
1154 879 1241 940 socie·

135 993 238 1058 tatem,
257 991 288 1046 et
304 983 437 1066 prolium
456 981 676 1047 educationem
696 981 836 1073 perfecie
853 999 915 1043 non
947 982 1164 1046 obtenturam:
1187 983 1241 1064 quid

41 1131 47 1139 ·
133 1091 214 1155 aliud
231 1090 463 1154 rationabiliter
478 1091 635 1170 praesumi
664 1088 777 1162 debet,
803 1071 995 1170 quam'quod
1013 1109 1079 1154 non
1096 1090 1167 1154 zelo
1180 1090 1241 1154 reli-

132 1202 247 1282 gionis,
259 1214 318 1259 non
331 1198 433 1261 studio
445 1200 579 1280 pietatis,
592 1213 653 1258 non
665 1196 822 1261 desiderio
834 1212 911 1260 suae
922 1196 1124 1281 proliumque
1141 1190 1240 1268 salutis,

134 1324 244 1370 verum
263 1324 303 1367 ex
321 1305 480 1369 obtulibus
497 1305 596 1368 solum
612 1303 824 1387 ignobilibus,
850 1287 941 1367 carni
954 1311 985 1366 et
1002 1306 1150 1388 sanguini
1166 1304 1239 1366 unice
1280 1282 1283 1299 ¹

132 1413 412 1486 subservientibus‚
429 1419 461 1473 et
479 1429 740 1474 ornnemsensum
753 1431 831 1496 erga
849 1430 939 1475 saera
951 1402 1127 1492 sanctaque
1145 1412 1240 1475 obtun-

132 1520 287 1595 dentibus,
305 1527 538 1600 ccnsequenter
555 1523 586 1583 in
604 1522 686 1583 cunni
704 1520 773 1593 alio,
787 1525 907 1584 *tantum
919 1536 978 1582 non
996 1521 1025 1582 iu
1037 1518 1184 1596 Domino,
1198 1517 1240 1581 lieo
1281 1498 1283 1581 i

133 1635 202 1699 est,
229 1645 291 1689 non
309 1627 422 1689 deuota
440 1625 580 1705 Christo,
597 1622 790 1700 Sacramenti
810 1626 995 1691 matrimonii
1010 1644 1073 1707 pro
1089 1624 1163 1688 liliis
1178 1624 1240 1689 ilir-
1281 1596 1283 1703 ff

134 1736 259 1816 busque
275 1751 351 1796 suae
369 1741 496 1796 sanctae
512 1733 694 1808 Ecclesiae,
724 1755 786 1798 non
804 1753 891 1798 vero.
906 1735 958 1816 qui
976 1740 1070 1797 extra
1087 1752 1158 1798 eam
1175 1738 1239 1807 sunt,
1280 1714 1283 1799 ἰ

132 1849 184 1906 aut
202 1845 337 1925 quicum
354 1841 400 1904 bis
418 1843 448 1904 in
465 1860 557 1906 unam
574 1858 700 1905 carnem
719 1849 844 1915 coeunt,
872 1842 1063 1915 institutori,
1098 1839 1239 1905 uoluntate
1281 1848 1283 1923 t

49 1930 52 1936 ἱ
131 1950 306 2012 intentione
332 1967 367 2010 ae
393 1928 572 2013 reverentia
599 1950 721 2027 nubat?
756 1948 975 2014 Districtuatles
1001 1948 1086 2012 bene
1123 1952 1237 2013 norunt:

48 2059 60 2147 J
131 2057 210 2138 apud
228 2073 287 2120 nos
318 2057 489 2119 catholicos
505 2075 572 2118 rem
589 2056 776 2139 religionis,
807 2075 874 2120 rem
902 2063 1039 2120 sanctam
1058 2073 1134 2120 esse
1151 2055 1240 2118 matri·

76 2157 80 2161 ’
132 2163 286 2237 monium,
306 2161 701 2245 Sacramentum'magnum
719 2167 749 2228 in
766 2163 890 2227 Christo
909 2171 939 2226 et
955 2163 1126 2242 Ecclesia3
1152 2164 1238 2244 itaque

27 2290 43 2333 ·.
130 2278 240 2334 saneta
257 2277 365 2332 sancte
382 2284 455 2331 esse
473 2266 644 2347 tractanda,
663 2269 700 2334 ad
717 2277 826 2334 saneta
839 2268 1172 2351 suscipiendasancte
1187 2284 1241 2332 esse

132 2376 364 2453 accedendum
389 2377 460 2441 ideo
477 2385 565 2440 certe
581 2374 724 2442 Christus
741 2376 889 2442 Doininus
907 2377 1046 2441 elevavit
1062 2377 1240 2445 matrimoni·

117 2472 181 2547 ‘um
199 2484 237 2563 ad
254 2484 408 2547 rationem
426 2493 457 2547 et
473 2483 654 2568 dignitatem
673 2486 881 2559 Sacramenti,
902 2492 934 2548 ut
960 2485 1026 2548 tale
1045 2486 1238 2567 suscipientes

135 2594 267 2675 gratiam
285 2609 341 2672 pro
360 2610 413 2655 sua
432 2600 462 2654 et
479 2592 609 2674 prolium
628 2611 751 2656 suarum
770 2593 1016 2656 sanctificatione
1043 2592 1121 2656 inde
1149 2594 1239 2673 arpii·

129 2706 207 2771 rant,
226 2698 510 2782 subintelligendo:
536 2698 701 2763 dummodo
718 2700 761 2763 illi
778 2703 846 2780 ipsi,
866 2703 916 2780 qui
934 2699 1169 2764 matrimonium
1186 2705 1235 2764 ine·
1281 2714 1283 2721 ·

130 2812 194 2878 unt,
212 2808 333 2887 gratiae
351 2806 422 2869 huie
439 2824 501 2868 non
519 2814 636 2888 ponunt
653 2806 910 2886 impedimentum.
938 2808 1031 2870 Anne
1049 2826 1129 2871 vero
1147 2823 1240 2893 sponsu

134 2911 291 2975 catholiea
304 2914 370 2992 ipsa
382 2917 449 2977 viro
463 2915 583 2976 nubens
595 2914 780 2996 evangelieo
793 2915 957 2979 citatione
968 2914 1054 2989 iudei,
1066 2925 1097 2978 et
1110 2917 1242 2988 cultasti

33 3064 37 3069 -
132 3036 210 3083 usus
228 3026 494 3081 sacramentorum
513 3039 528 3080 a
548 3037 582 3081 se
601 3019 814 3082 essentialiter
831 3019 969 3094 diverso,
996 3040 1061 3085 non
1078 3024 1168 3102 ponit
1183 3040 1241 3107 pro·

16 3119 19 3123 ’
115 3128 246 3189 'missae
263 3127 384 3208 gratiae
403 3127 681 3209 impedimentum?
707 3146 745 3188 an
762 3140 822 3190 uon
837 3131 935 3208 potius
948 3130 1118 3211 sacrilegii
1130 3148 1241 3192 reamse

130 3234 205 3296 lacit
221 3235 381 3299 miscendo
392 3234 566 3314 religiones
584 3236 613 3296 iu
632 3235 828 3309 connubium,
849 3237 990 3314 proiecto
1004 3253 1068 3299 non
1082 3222 1146 3301 tam
1157 3239 1241 3302 hono·

60 3372 64 3377 ·
128 3341 227 3407 rabile
239 3349 270 3404 et
287 3342 522 3412 immaculatum,
540 3342 622 3421 quod
640 3348 795 3404 mereatur
814 3340 955 3406 benedici
977 3362 999 3404 a·
1011 3342 1176 3410 Domino?
1191 3344 1237 3405 de·

131 3450 231 3526 cedit,
258 3449 337 3529 qurod
364 3470 433 3513 curn
449 3453 481 3513 in
507 3452 709 3532 susceptione
727 3448 1134 3517 Sacramenliblairimonii
1159 3452 1241 3538 gratia

131 3556 364 3616 sacramentalis
404 3573 465 3617 non
492 3556 656 3635 respiciat,
683 3560 833 3637 preul'in
861 3558 929 3619 aliis
976 3577 1073 3621 unum
1093 3561 1240 3627 hominem,

130 3661 185 3723 sed
204 3661 281 3723 duos
299 3662 329 3723 in
348 3680 438 3724 urnam
457 3680 583 3724 earnem
602 3661 863 3743 coniungendos,
889 3607 1004 3725 maiem
1025 3673 1056 3727 et
1082 3667 1241 3734 foeminam,

131 3767 281 3848 respiciat
298 3771 394 3847 ipsam
413 3772 607 3841 societatem,
625 3770 723 3851 ipsum
742 3770 897 3833 vinculum
914 3773 1127 3847 matrimonii,
1155 3782 1186 3836 ut
1199 3786 1240 3853 per

127 3895 161 3938 se
178 3883 273 3956 patet,
291 3875 385 3956 quod,
403 3879 537 3957 inquam,
556 3880 585 3940 in
604 3876 773 3939 coalitione
792 3878 878 3940 mixti
896 3881 1088 3945 matrimonii
1106 3900 1166 3946 nee
1193 3897 1236 3942 su·

45 3994 49 4001 ’
127 3963 205 4063 sclpi
223 3982 365 4044 videatur
383 3981 626 4046 Sacramentum.
653 3985 1099 4067 EnarrgelicaeConfessionis
1124 4000 1237 4070 sponsus
1280 4046 1283 4059 ,

128 4105 189 4149 non
207 4089 337 4151 admittit
354 4093 579 4153 matrimonium
597 4110 670 4154 esse
688 4093 930 4166 Sacramentum,
949 4112 1013 4177 iren
1026 4094 1181 4160 creditilli
1195 4090 1236 4154 ad·

127 4211 236 4257 nexam
255 4214 327 4258 esse
343 4197 498 4278 gratiam,
518 4199 597 4259 hune
613 4200 719 4279 itaque
737 4220 797 4263 nec
815 4210 934 4282 sperat,
951 4221 1012 4264 nec
1032 4203 1113 4278 vult,
1132 4222 1187 4267 nee
1200 4203 1235 4262 iu·
1280 4186 1283 4255 l

127 4302 233 4363 tendit.
259 4301 378 4384 Sponsa
397 4324 474 4367 vere
493 4304 669 4379 catholiea,
698 4309 818 4370 etiamsi
836 4310 997 4388 intendat,
1025 4329 1062 4372 ac
1081 4312 1172 4382 velit,
1187 4311 1230 4370 imo

38 4454 41 4459 .
127 4427 184 4487 qua
202 4405 304 4468 fidelis
323 4408 435 4473 debeat
453 4411 615 4475 intendere
634 4433 670 4476 ae
689 4415 770 4477 velle
788 4416 1088 4480 maninoniumsub
1106 4416 1154 4482 illa
1168 4428 1229 4478 cou-
