2798 4852
605 241 761 354 ..aaa
788 280 842 328 -,-
949 225 958 242 “
1056 232 1060 240 ’

94 531 102 543 ι
145 462 187 510 ne
202 440 446 515 infelicishuius
462 440 529 504 riri¹
540 440 716 521 exemplum
733 438 815 521 apud
836 436 969 521 pusillos
985 439 1169 506 catholicae
1184 443 1259 508 reri·

18 545 22 553 ’
65 554 88 579 ”
144 553 218 619 tatia
239 551 278 617 de
303 550 502 617 matrimonio
527 546 674 632 dogmata
699 547 907 622 obscuraret,
933 555 1034 629 ,atque
1050 557 1094 611 'ne
1122 550 1259 633 ipsoopo

50 681 62 747 s
145 655 279 723 tacendo
296 655 378 733 apud
394 672 528 738 gregem
543 669 663 729 meum.
680 669 740 736 pro
757 671 819 735 quo
837 638 868 716 et
884 654 1016 719 animam
1033 672 1137 723 meam
1153 671 1261 747 ponere

22 784 26 789 ·
42 811 45 818 ,
145 772 274 861 paratos
290 780 363 835 esse
379 762 491 838 debeo,
508 762 547 824 do
563 763 709 844 integrae
725 759 798 856 fidei
815 778 911 829 sensu
927 761 1143 841 suspicionem
1158 763 1260 827 inorr-

76 930 80 937 ,
146 870 340 952 ram;.quod
366 875 399 933 et
425 869 502 933 alias
526 868 785 948 semperiaoere
810 873 954 947 poteram
975 867 1262 949 debebamqoe,m

22 1030 26 1065 3
145 978 200 1045 rati
216 975 357 1065 periculo
383 976 544 1057 cogebar,
562 976 806 1056 stringebarque
826 976 918 1038 etiam
936 965 1264 1061 catholicamde'na.

146 1086 293 1153 trimonio
310 1084 500 1154 doctrinam,
516 1099 605 1149 nunc
622 1098 692 1145 curn
710 1084 844 1145 maxime
860 1083 1075 1147 necessarium
1093 1088 1165 1154 est,
1189 1080 1264 1145 sodali

146 1190 264 1277 populo
280 1210 337 1272 per
362 1168 494 1253 iteratas
510 1190 598 1255 verbi
624 1191 682 1251 Dei
697 1189 1078 1270 praeconumconciones
1095 1189 1222 1252 sincero
1235 1194 1261 1251 et

67 1298 89 1313 “’
146 1284 286 1382 genuine
304 1304 398 1379 atque
415 1296 723 1385 explicate-proponi¹
737 1286 859 1358 curare.
871 1285 980 1376 'Atque
997 1297 1057 1358 ista
1075 1295 1181 1359 omnia
1196 1313 1261 1359 con·

64 1482 73 1492 ,
146 1391 344 1469 formiter'ad
360 1406 478 1485 patrias
495 1405 588 1466 etiam
603 1402 695 1486 leges
707 1390 770 1485 ¹per
798 1419 847 1464 me
864 1409 933 1464 acta
950 1409 1043 1474 sunt,
1071 1420 1175 1483 quae,
1199 1401 1260 1464 licet

146 1500 189 1574 de
203 1510 422 1593 dispensandis
437 1511 581 1592 praecise
597 1512 805 1575 sacramentis
816 1516 874 1572 aut
889 1509 980 1575 verbi
990 1508 1087 1575 divini
1103 1507 1261 1589 praedica·

27 1598 40 1682 s
147 1620 234 1683 tione
259 1619 328 1679 iura
354 1618 459 1680 divina
484 1625 515 1679 et
540 1609 757 1683 ecclesiastica
784 1633 840 1696 pro
857 1621 1014 1698 potestate
1040 1615 1261 1702 praescribant,

116 1806 119 1810 ⁴
147 1730 252 1786 tamen
278 1723 363 1786 clare
379 1712 584 1805 exprimunt,¹
611 1721 684 1805 quid
709 1714 842 1785 eatenus
869 1720 1071 1794 desiderent,
1097 1718 1259 1804 expetant,

11 1890 16 1899 .
79 1822 84 1831 ’
149 1829 323 1912 urgerique
339 1830 439 1893 velint
450 1830 487 1892 ab
505 1830 680 1914 Episcopis.
698 1828 870 1904 Videantur
886 1833 1017 1890 eatenus
1034 1827 1162 1890 clariss.
1178 1826 1260 1891 Decr.

120 1936 124 1943 '
148 1936 179 2001 S.
196 1935 302 2019 Steph.
320 1937 353 2000 L.
369 1937 399 1999 2.
417 1957 444 2000 c.
460 1937 494 2000 2.
513 1937 634 2002 Colum.
651 1937 684 1998 L.
705 1936 732 1998 1.
751 1955 780 2035 c.
800 1933 855 2000 65.
873 1937 947 1998 item
963 1935 983 1997 l.
994 1935 1024 1996 2.
1036 1955 1064 1997 c.
1080 1934 1138 1997 11.
1158 1967 1196 1978 -
1212 1939 1260 1997 art.

146 2037 467 2108 62·1548.arr.13:·
494 2041 589 2106 1559.
616 2049 648 2104 et
674 2045 735 2105 arti·
751 2039 815 2103 ott:
843 2040 938 2104 1715.
955 2047 1098 2103 tenores.
1130 2040 1169 2103 Ut
1192 2039 1262 2104 adeo

146 2151 231 2216 irullo
248 2156 380 2236 prorsus
396 2151 596 2214 fundamento
624 2150 762 2232 exlege
787 2146 956 2213 Ludo'vici'
971 2146 1000 2210 1.
1027 2147 1177 2211 invidiam
1193 2145 1258 2210 mili

27 2333 30 2339 Ι
60 2242 64 2249 ’
147 2261 349 2322 consciscere
374 2259 543 2321 tentaverit
566 2256 674 2351 Cottus
689 2255 950 2338 Neogradiensis.
976 2254 1075 2328 Quam
1100 2257 1185 2319 enim
1200 2270 1254 2338 epo

36 2422 43 2429 .
147 2382 216 2428 cum
233 2364 310 2446 ligr.
328 2364 441 2428 carolo
462 2365 533 2429 lliss
551 2364 636 2427 litero
661 2381 796 2446 unquam
819 2363 916 2427 habui
935 2370 987 2425 aut
1004 2361 1139 2425 habeo?
1163 2378 1257 2426 coram

148 2487 211 2551 quo
227 2469 326 2552 Regni
344 2468 482 2532 Judice?
510 2487 569 2550 qua
596 2472 718 2532 causa?
743 2488 784 2532 an
808 2477 842 2531 ut
857 2459 1020 2532 incultus?
1045 2486 1083 2530 an
1101 2473 1136 2532 ut
1151 2466 1259 2532 actor?

146 2577 174 2639 si
191 2576 331 2638 meritum
349 2583 526 2656 spectetur,
544 2594 652 2640 omnes
669 2593 775 2647 meae,
795 2593 871 2657 quas
889 2575 997 2639 Cottas
1013 2575 1177 2657 Neograd.
1195 2591 1254 2637 oum

146 2681 252 2763 legum
267 2685 439 2766 patriarum
456 2683 618 2746 manifesta
635 2683 748 2746 iniuria
766 2685 873 2762 carpit,
891 2686 1031 2745 actiones
1049 2681 1088 2744 ad
1108 2683 1170 2745 tria
1185 2681 1259 2744 haec

145 2789 359 2855 reducuntur:
377 2789 416 2852 ad
429 2797 516 2852 matr.
534 2788 816 2860 mixt.causa1n,ad
829 2789 1040 2871 dispensanda
1053 2808 1070 2851 e
1093 2787 1190 2853 divini
1200 2789 1266 2851 iuris

145 2901 345 2982 praescripto
363 2907 576 2975 sacramenta,
601 2899 640 2963 ad
659 2901 732 2964 lidei
755 2902 836 2963 catlr.
848 2900 993 2984 dogmata
1012 2899 1151 2963 fideliter
1178 2919 1264 2984 prae·

147 3005 288 3069 dicanda.
302 3008 376 3079 Quis
392 3009 454 3071 hoc
470 3010 501 3071 in
520 3011 629 3071 merito
646 3026 703 3090 per
719 2994 807 3089 leges
834 3010 952 3091 patrias
970 3015 1018 3070 est
1044 3011 1141 3090 regni
1156 3007 1267 3073 iudex?

148 3128 255 3174 coram
267 3131 328 3194 quo
340 3134 437 3198 super
448 3117 496 3177 his
508 3120 560 3177 aut
572 3116 638 3195 ipse
650 3114 724 3195 Egr.
742 3113 886 3179 Carolum
896 3115 967 3178 lliss
979 3116 1032 3177 lite
1044 3112 1265 3180 convenerim?

145 3225 199 3281 aut
214 3236 271 3298 per
297 3219 381 3282 illum
407 3237 557 3300 processu
583 3221 724 3284 iudiciali
755 3229 930 3285 conventus
953 3223 1037 3284 sim?
1061 3222 1159 3288 Anne
1175 3230 1266 3288 autem

143 3326 229 3406 pacis
256 3327 400 3390 turbatae
425 3327 539 3392 invidia
564 3328 606 3392 ibi
631 3325 809 3401 inuenitur,
836 3328 887 3392 ubi
909 3331 1012 3391 omnia
1041 3333 1268 3411 epraescripto

142 3434 221 3494 iuris
240 3433 357 3507 divini,
384 3441 416 3498 et
432 3435 636 3498 conformiter
654 3434 692 3497 ad
710 3444 839 3499 tenores
857 3437 960 3519 legum
978 3439 1155 3517 patriarum
1170 3455 1264 3521 agun-

90 3621 94 3629 ,
143 3537 223 3599 tur?
248 3557 286 3600 au
303 3557 365 3604 nou
382 3544 499 3604 certius
517 3543 559 3604 ibi
586 3541 830 3629 deprehenditur
856 3545 942 3625 pacis
969 3543 1117 3606 turbatae
1143 3543 1262 3616 invidia,

131 3644 198 3708 ¹ulti
214 3644 285 3707 talia
303 3645 529 3719 desiderantur,
547 3654 577 3709 et
594 3654 748 3728 aguntur,
768 3667 848 3729 quae
865 3650 923 3731 ipsi
943 3649 1075 3713 articulo
1094 3649 1154 3713 26:
1174 3648 1259 3714 1791.

146 3757 221 3816 sunt
248 3751 400 3816 dillormia
427 3761 459 3815 et
485 3753 647 3815 adversa?
665 3752 826 3834 ¹Numquid
853 3755 934 3827 onim
952 3768 1013 3816 non
1041 3757 1264 3822 articulos2d:

151 3855 247 3920 1791.
265 3859 299 3922 id
316 3861 419 3922 mixtis
446 3867 534 3922 matr.
553 3860 682 3941 'legales
699 3863 793 3942 regni
818 3862 937 3924 iudices
954 3866 1064 3926 statuit
1084 3874 1117 3928 et
1133 3866 1264 3950 agnoscit

148 3959 254 4046 lippos
272 3983 341 4027 cum
359 3967 424 4027 suis
443 3967 667 4033 consistoriis?
692 3967 839 4048 numquid
864 3986 928 4032 non
950 3968 1150 4034 clarissimae
1167 3979 1197 4034 et
1212 3986 1265 4033 uo·

93 4071 96 4078 “
143 4069 283 4133 tissimae
300 4072 446 4154 legalium
463 4077 554 4156 regni
578 4074 713 4138 iudicum
738 4084 769 4137 et
797 4076 938 4139 fororum
963 4078 1173 4159 spiritualium
1193 4094 1259 4141 sen·

144 4174 259 4239 tentius
276 4181 459 4245 executioni
476 4180 665 4244 mandandas
681 4184 931 4262 praescribunt?
957 4184 1110 4265 numquid
1128 4203 1189 4250 non
1203 4183 1260 4266 ipse

151 4286 210 4341 art.
227 4284 290 4347 26:
319 4287 414 4354 1791.
442 4288 525 4352 clare
552 4290 704 4368 adstruit,
729 4291 834 4373 lippos
861 4290 983 4374 legatos
998 4287 1042 4355 'in
1060 4294 1167 4357 mixtis
1182 4288 1258 4354 nan:

26 4404 30 4409 ·
65 4406 68 4411 ·
144 4383 266 4450 iudices
294 4392 429 4474 obligari
463 4398 595 4476 nequire
618 4398 661 4460 'ad
689 4397 923 4480 agnoscendam
947 4388 1067 4464 vinculi
1093 4395 1255 4466 tattsnoti.
