2798 4860
533 274 813 372 '-cec-.
905 314 909 319 ·

142 504 204 560 tem
220 502 253 559 ut
269 492 488 558 intentionibus
506 493 668 556 Ecclesiae
684 491 887 556 RCatbelieae
904 488 1090 568 satisfaciat,
1108 463 1237 565 hortetur¹

142 621 275 684 eumque
292 599 324 664 in
342 618 459 676 casum,
478 598 559 662 side
577 598 716 682 prolibus
734 602 765 663 in
781 598 897 662 llCath.
916 598 1076 681 religione
1094 595 1240 663 educandis
1288 668 1291 683 Ι

142 710 227 774 nulla
244 708 411 790 affulgeret
437 726 529 790 spes,
563 707 722 785 declaret,
751 725 785 770 se
812 725 829 768 a
847 707 960 789 nuptiis
977 706 1027 771 his
1046 707 1243 771 benedicendis
1288 692 1291 703 ’

145 815 306 880 Ecclesiae
325 816 501 879 Catholicae
527 816 602 898 lege
628 823 659 878 et
684 815 825 878 doctrina
850 815 1030 896 prohiberi:
1064 815 1127 904 bic.
1143 827 1243 894 queque

144 925 261 1004 agendi
275 924 384 986 modus
402 925 475 987 anui
504 922 597 985 1791.
625 923 758 987 articulo
786 921 836 984 57.
863 922 1052 986 ediametre
1071 921 1244 993 adversatur,

143 1035 238 1113 inque
255 1031 315 1094 bec
331 1018 507 1112 Principatu
525 1037 611 1093 tante
629 1031 731 1110 magis
740 1030 986 1110 ⁴inexspectatus
1002 1036 1096 1103 erat,
1113 1047 1182 1092 cum
1195 1028 1245 1110 plu·

142 1139 227 1203 ribus
254 1147 344 1202 antea
373 1140 508 1212 seculis,
536 1137 568 1200 in
594 1137 731 1200 Comittis
759 1156 866 1219 nempe
894 1157 920 1201 a.
940 1137 1039 1201 1557.
1058 1138 1110 1199 die
1140 1136 1167 1197 l.
1184 1135 1245 1198 Juuii

143 1247 284 1311 Tberdce
303 1247 471 1310 celebratis
489 1253 546 1308 art.
566 1250 593 1307 5.
622 1245 747 1309 disertis
775 1246 982 1327 annunciatum·
1001 1227 1052 1308 sit*
1071 1238 1196 1308 verbis:
1210 1248 1247 1317 „ut

143 1357 273 1436 quisque
290 1360 414 1416 teneret
432 1373 497 1415 cam
516 1353 627 1431 fidem,
644 1372 734 1434 quam
752 1353 865 1429 vellet,
883 1372 951 1415 cum
969 1352 1064 1416 novis
1083 1359 1114 1414 et
1133 1349 1246 1432 antiquis

147 1464 354 1538 ceremoniis,
387 1460 606 1543 periclitantes
634 1463 663 1523 iu
696 1462 822 1543 negotio
847 1460 918 1522 bdci
945 1476 1057 1523 cerum
1086 1460 1211 1523 arbitrio
1228 1455 1248 1520 id

144 1569 213 1632 fieri
231 1569 312 1648 qued
329 1569 406 1648 ipsis
423 1569 580 1643 liberet;“
599 1587 615 1629 c
633 1567 796 1631 dictamine
815 1575 916 1630 autem
929 1572 986 1632 ar't.
1010 1567 1062 1629 18.
1082 1567 1113 1628 in
1132 1564 1249 1630 Comitis

146 1697 173 1740 a.
194 1676 289 1738 1674.
309 1678 359 1740 die
379 1675 428 1738 17.
445 1677 523 1740 Nor.
541 1676 640 1740 Albae
656 1676 757 1739 Juliae
769 1675 936 1739 celebratis
954 1692 1079 1759 omnes,
1098 1677 1153 1755 qui
1168 1667 1250 1754 Regni

144 1782 338 1848 libertatibus
355 1793 491 1862 utuntur,
510 1785 638 1868 expleto
657 1785 708 1846 18.
727 1784 838 1847 aetatis
856 1773 1025 1848 suaeanno
1046 1785 1085 1847 ad
1105 1783 1249 1864 deponcn-

143 1892 213 1954 dum
229 1892 358 1956 Unionis
371 1896 582 1976 juramentum
602 1893 743 1956 obstricti
762 1892 833 1965 sint,
852 1900 966 1956 tenore.
981 1893 1094 1965 cuius,
1123 1885 1213 1955 veluti
1225 1888 1246 1952 id

142 1997 238 2082 Appr.
258 2001 363 2064 Genst.
379 2002 411 2062 Ρ.
430 2000 480 2063 lll.
499 2003 543 2063 tit.
567 1999 595 2062 1.
614 1999 754 2077 babetur,
782 2001 839 2064 sub
857 1999 930 2063 bdei
947 2006 1152 2079 sacramento
1169 1996 1248 2081 quiris

27 2170 31 2179 ,
143 2107 376 2171 conservationi
394 2115 528 2189 quatuor
546 2110 575 2170 iu
592 2108 653 2171 bec
670 2109 848 2188 Principatu
866 2114 1064 2188 receptarum
1078 2107 1248 2189 religionum

63 2249 66 2253 -
142 2231 199 2295 pro
218 2215 335 2277 viribus
353 2218 418 2277 suis
435 2197 631 2293 adiabenem,
650 2234 708 2278 nec
726 2234 794 2278 cum
805 2217 1012 2298 oppressione
1031 2215 1165 2279 aliarum
1181 2229 1247 2276 suan

139 2337 326 2402 premerere
343 2341 380 2384 ac
401 2322 438 2383 ad
456 2322 581 2385 aliarum
609 2323 843 2403 oppressionem
860 2321 1027 2402 quidquam
1047 2322 1130 2385 elam
1148 2323 1191 2384 vel
1205 2337 1248 2402 pr·

69 2468 72 2473 -
141 2427 199 2489 lam
219 2446 327 2511 agere,
344 2446 403 2492 nec
420 2438 530 2494 eontra
549 2431 680 2493 alicuius
697 2448 862 2510 persenam
874 2436 1002 2511 propter
1020 2430 1164 2508 eiusdem
1179 2427 1248 2490 iden

142 2542 173 2596 et
188 2534 374 2620 religionem
401 2535 505 2599 edium
533 2544 585 2598 aut
613 2535 801 2599 inimicitiam
828 2537 936 2599 ferere
954 2543 1057 2598 semet
1075 2537 1247 2616 obstringit3

142 2661 209 2705 cum
228 2643 348 2705 demum
367 2646 397 2707 in
424 2645 483 2706 bec
501 2646 677 2725 Principale
704 2643 742 2705 de
768 2643 913 2706 libertate
941 2647 1162 2708 conscientiae
1186 2645 1250 2706 sacri

140 2750 325 2832 Diplematis
341 2752 523 2834 Leupoldini
541 2758 654 2832 puncto
675 2752 702 2812 1.
720 2752 920 2831 sequentibus
939 2759 1066 2814 cautum
1086 2753 1250 2814 sit'rerbis:

139 2859 192 2932 „in
211 2875 304 2919 causa
322 2855 519 2939 receptarum
537 2858 651 2919 ibidem
668 2858 857 2937 religienum
876 2858 949 2920 nibil
967 2860 1168 2932 alterabitur,
1185 2877 1251 2921 con-

138 2963 373 3027 tradictionibus
407 2965 641 3044 quibuscunque
674 2968 739 3027 sire
766 2967 848 3027 sacri
881 2967 949 3026 sive
981 2967 1113 3046 profani
1144 2967 1247 3029 erdinis

139 3069 211 3131 nibil
238 3072 268 3132 in
300 3074 490 3134 contrarium
522 3073 740 3148 valentibrrs;“
782 3071 911 3134 articulo
934 3070 1024 3135 vere
1048 3074 1105 3136 53.
1124 3093 1150 3136 a.
1171 3070 1248 3135 1791.

139 3179 309 3259 aequalitas
342 3182 450 3242 iuriam
482 3188 681 3262 receptarum
722 3179 910 3266 religionum
943 3186 1091 3261 sequenti
1126 3179 1247 3244 clausula

139 3285 263 3347 allidata
296 3287 352 3348 sit:
393 3306 478 3363 „non
520 3288 714 3351 obstantibus
747 3289 777 3350 in
810 3290 1003 3350 centrarium
1046 3289 1143 3352 editis
1173 3287 1248 3353 ordi-

138 3395 358 3471 nationibus;“
382 3397 442 3458 iam
470 3413 545 3458 vero
572 3394 738 3477 denegatio
765 3396 993 3459 benedictionis
1022 3397 1055 3461 in
1076 3401 1181 3462 mixtis
1196 3413 1251 3456 ma-

24 3533 26 3536 v
137 3501 290 3563 trimouiis
308 3503 382 3564 nibil
400 3502 481 3565 aliud
510 3521 599 3582 quam
616 3504 747 3584 prelium
765 3503 795 3563 ic
811 3502 978 3585 Religione
996 3502 1162 3568 Catholiea
1178 3502 1246 3565 edu·

138 3594 293 3671 catienem
310 3629 367 3690 pre
385 3627 482 3690 scopo
500 3611 603 3687 babet,
619 3611 741 3692 hacque
753 3613 873 3673 ratione
891 3599 963 3672 nihil
983 3610 1069 3674 aliud
1089 3626 1179 3694 quam
1195 3629 1247 3673 cure

137 3719 343 3794 oppressione
361 3719 489 3781 alterius
501 3720 666 3801 religionis
679 3722 886 3790 coniunctam,
904 3721 1012 3801 sieque
1024 3720 1160 3785 Unionis
1175 3723 1247 3782 iura·

136 3831 240 3886 mento
258 3823 375 3886 diserte
399 3827 528 3892 *vetitam
554 3827 645 3889 unius
671 3824 837 3908 religionis
856 3827 1011 3890 commodi
1031 3810 1247 3908 promotionem

134 3929 165 3990 in
183 3948 218 3992 sc
235 3933 453 4014 complectitur
463 3955 472 4010 ;
497 3941 585 4014 parte
603 3955 679 3997 vcro
698 3934 735 3996 ab
755 3935 852 3996 altera
869 3934 1070 3999 manifestam
1090 3934 1260 3999 conscien-⁴

134 4039 196 4098 tiae
214 4042 273 4100 vim
291 4039 396 4112 infert,
413 4047 533 4118 partem
551 4043 736 4104 catholicam
763 4045 794 4104 in
813 4060 879 4104 eam
897 4045 1034 4106 maxime
1052 4047 1243 4126 perniciosam

134 4142 258 4208 deducit
275 4147 522 4228 perplexitatem,
541 4150 632 4210 utvcl
644 4152 675 4211 in
693 4151 858 4212 obversum
869 4149 1158 4232 legumpatriarum
1173 4153 1242 4231 agat,

111 4247 183 4311 'vel
201 4271 277 4315 vere
304 4253 410 4316 barum
437 4258 616 4318 reverentia
643 4256 735 4317 ducta
762 4257 923 4337 sponsioni
952 4259 983 4319 vi
1016 4267 1164 4323 extortae
1180 4250 1241 4318 haud

131 4357 313 4437 satisfaciat,
329 4362 412 4442 qued
430 4369 590 4444 utrumque
609 4364 746 4425 aeternis
757 4363 940 4426 moralitatis
958 4366 1126 4450 principiis
1144 4364 1239 4427 adrer-

122 4469 189 4535 sari
207 4469 310 4557 palam
329 4478 400 4552 est·,
425 4470 624 4552 aecctl'rthis,
640 4470 723 4553 quod
736 4471 861 4552 populo,
880 4474 1045 4535 veteribus
1064 4495 1100 4537 ac
1127 4474 1204 4556 quasi
1217 4471 1236 4530 in
