2798 4852
511 270 744 348 -233-

33 471 171 541 tatem,
197 472 228 531 et
244 484 283 530 ea
309 459 401 532 'simul
416 470 656 544 inculcaremus,
683 488 764 552 quae
779 472 885 553 pravis
901 469 1011 535 usibus
1027 469 1184 545 tollendis,
1267 434 1270 439 Ι
1289 466 1292 471 ’

39 586 165 637 sanae
182 573 345 639 doctrinae
362 576 507 659 deposito
523 577 742 651 custodiendo,
759 596 795 640 nc
812 579 1000 642 matrimonii
1016 578 1186 652 sanctitati,
1309 610 1312 615 ·

43 674 252 746 Catholicae
267 682 445 767 Religionis
461 683 674 757 incolumitati,
692 692 724 747 et
740 684 916 749 animarnm'
931 670 1025 749 saluti
1050 684 1189 749 tuendae

46 791 249 853 necessaris
262 790 481 872 judicavimus.
507 791 616 874 ltaque
632 793 755 855 etiamsi
779 792 888 857 literae
914 799 946 855 et
967 795 1190 858 instructiones
1228 856 1233 869 ,

48 885 162 969 illae,
187 899 220 960 in
237 916 298 981 qus
312 906 404 980 parto
421 901 538 983 aliquid
565 903 639 964 novi
655 899 838 983 indulgent,
854 898 907 963 vel
923 899 1077 974 tolerant,
1095 898 1134 962 ad
1150 917 1189 963 ea
1301 892 1304 897 ’

48 999 188 1067 tantam
203 1005 390 1070 reseruntur
404 1008 486 1084 loca,
501 1024 559 1089 pro
576 1005 687 1089 quibus
704 1008 798 1071 datae
814 1014 900 1080 sunt,
918 1006 1012 1070 nullis
1028 1014 1130 1070 tamen
1145 1005 1190 1070 li·

48 1104 194 1174 miurus
209 1113 331 1177 illarum
347 1114 615 1181 circumscribitur
629 1119 719 1190 ratio,
737 1124 892 1198 quatenus
908 1114 1191 1179 incommutabilem

48 1221 265 1284 annunciant
273 1221 437 1286 Ecclesiae
453 1222 637 1302 doctrinam,
652 1241 869 1306 canonumque
884 1223 1042 1286 inculcant
1058 1229 1192 1285 senten·

48 1316 167 1398 tiam,
193 1334 375 1408 etpravos‚
401 1330 453 1411 qui
470 1330 584 1395 alicubi
610 1328 865 1402 invalescebant,
891 1347 966 1393 usus
982 1328 1191 1410 proscribunt.

47 1423 177 1515 Atque
192 1434 255 1500 buc
278 1439 457 1519 pertinent,
485 1454 565 1518 quae
581 1438 640 1501 bac
657 1437 747 1500 dere
765 1455 781 1499 a
802 1437 895 1501 nobis
911 1437 1047 1501 indicata
1063 1436 1192 1498 fuerunt

48 1529 99 1596 in
125 1540 265 1624 pluribus
290 1543 544 1609 Allocntionibns
570 1545 610 1608 ad
633 1545 712 1608 llcn.
738 1546 865 1609 Fratres
896 1552 1023 1609 nostros
1046 1541 1078 1606 S.
1104 1542 1139 1604 ll.
1156 1540 1192 1604 Ε.

50 1640 277 1725 Cardinales,
300 1653 332 1714 in
349 1653 546 1716 Consislorio
561 1652 612 1716 lll.
629 1652 674 1715 ld.
692 1653 766 1717 Dec.
785 1652 882 1717 1837.
897 1652 974 1716 ldib.
991 1653 1076 1735 Sept.
1096 1647 1193 1713 lesa.

52 1756 102 1812 θῑ
126 1756 274 1835 postridie
290 1759 373 1823 Non·
386 1758 460 1822 Julii
477 1758 574 1824 1839.
599 1760 724 1832 habitis,
750 1779 828 1842 quas
844 1761 947 1823 statim
970 1762 1055 1842 typis
1071 1760 1105 1821 in
1120 1754 1194 1820 vul-

55 1872 138 1939 gus
153 1865 204 1929 edi
219 1868 377 1930 iussimus.

182 1971 269 2036 llaec
285 1972 358 2036 luis
376 1976 626 2039 commemoratis
642 1975 745 2038 literis
769 1973 974 2037 rescribenda
1001 1974 1191 2042 censuimus,

59 2074 154 2141 Ven.
171 2078 300 2154 Frater,
325 2088 360 2144 ut
376 2080 519 2145 alacriori
545 2100 645 2163 usquc
662 2083 766 2147 studio
789 2088 821 2145 et
835 2081 979 2147 firmitate
995 2094 1103 2142 omnes
1120 2080 1196 2141 boni

16 2212 23 2227 ··
65 2191 214 2269 pastoris
229 2196 337 2270 partes
353 2188 494 2269 implere,
521 2197 614 2271 atquc
630 2191 755 2253 intanti
776 2189 921 2251 momenti
938 2190 1066 2270 negotio
1083 2185 1197 2250 Eccle-

74 2296 145 2373 siae
162 2316 288 2363 causam
304 2311 507 2379 propugnare
523 2314 651 2379 pergas,
668 2297 806 2378 nihilque
823 2299 1007 2360 intentatum
1023 2293 1196 2374 relinquas,

10 2432 17 2443 ·
83 2408 161 2493 mod
179 2406 218 2468 ad
234 2405 279 2469 tui
296 2403 409 2486 gregis
430 2404 560 2465 salutem
576 2402 802 2484 procurandam
835 2403 993 2481 pertinere
1024 2415 1119 2482 posse
1129 2414 1197 2460 co-

16 2598 21 2613 ·
77 2498 244 2597 &noueris
268 2512 333 2575 llos
351 2510 474 2594 quidem
491 2528 549 2593 pro
565 2510 659 2575 oliicii
684 2510 785 2575 nostri
801 2526 948 2581 munere,
965 2512 1112 2591 quantum
1128 2522 1200 2589 cnm

71 2610 213 2687 Domino
238 2623 431 2704 poterimus,
457 2618 538 2683 baud
556 2621 732 2687 omittemus
747 2634 870 2683 ornnem
894 2633 1019 2700 operam
1037 2614 1199 2686 adbibere,

70 2731 112 2788 ut
140 2749 249 2795 sacrae
273 2732 345 2794 istic
370 2746 424 2792 res
450 2727 517 2791 Deo
542 2728 624 2789 bene
649 2727 777 2790 iuvante
811 2726 843 2790 in
865 2724 1024 2788 meliorem
1040 2723 1200 2787 conditio-

66 2844 153 2902 nem
184 2837 393 2902 adducantur.
440 2834 566 2900 Interim
597 2853 676 2899 vero
706 2832 777 2897 dnm
797 2833 865 2897 'libi
896 2832 935 2896 de
966 2830 1117 2915 pastorali
1148 2835 1200 2892 tua

63 2942 292 3012 ⁸“llicitudine
324 2945 529 3007 vehementer
560 2943 764 3025 gratulamur,
792 2948 921 3006 nostrae
952 2941 984 3004 in
999 2939 1044 3002 'le
1074 2936 1200 3018 praeci·
1327 2942 1330 2949 '

57 3054 162 3120 bunc
186 3051 431 3120 benevolentiae
456 3056 591 3128 testem,
615 3069 652 3112 ac
679 3049 862 3113 coelestium
888 3049 1022 3110 omniurn
1039 3062 1202 3107 munerum

20 3148 24 3155 ⁵
54 3160 241 3247 'aspicem
266 3160 406 3241 Apostol.
424 3157 680 3221 benedictionem
707 3174 748 3219 ex
773 3157 879 3218 intimo
897 3152 994 3216 corde
1009 3149 1200 3231 depromtam

50 3249 150 3335 Tibi
173 3268 253 3350 ipsi,
284 3266 360 3329 ven.
385 3264 515 3337 Frater,
548 3271 580 3328 et
605 3263 749 3327 omnibus
773 3260 856 3323 l'uac
881 3257 1045 3322 Ecclesiae
1075 3257 1202 3320 clericis

46 3353 236 3460 laicisque
252 3372 400 3438 fidelibus
416 3377 616 3456 peramanter
632 3372 833 3452 impertimur.
857 3366 968 3429 Datum
984 3363 1101 3428 Romae
1122 3358 1203 3443 apud

42 3460 97 3533 8-
132 3486 255 3550 renum
273 3482 324 3546 ue
339 3480 394 3544 23.
412 3480 483 3545 nari
502 3478 598 3543 lose.

604 3691 692 3767 olo.

16 3864 257 3952 Demeam
279 3888 323 3948 nr.
345 3888 444 3948 nuens
465 3884 622 3944 nmenns
643 3881 697 3939 an.
721 3881 752 3938 a.
779 3870 1204 3947 praesumeremus
1329 3940 1331 3945 ,

41 3966 127 4033 *b
141 3982 340 4053 obligatione
353 3976 525 4054 copulandi
537 3977 701 4049 Sponsus,
724 3983 862 4047 quorum
873 3965 1092 4027 coniunctioni
1103 3963 1206 4037 irnpe-

174 4072 352 4130 dlmentum
365 4067 555 4125 canonicum
570 4061 698 4128 obstat,
719 4060 879 4115 immunes
901 4054 1116 4114 declarantur.

174 4217 317 4304 Leopold
335 4224 396 4281 etc.
413 4215 480 4280 nur
495 4214 557 4278 den
572 4211 710 4292 Vortrag
725 4224 861 4273 anseres
877 4201 1208 4268 Slaatsorinislcriums

43 4295 189 4391 huben
203 4329 265 4392 mir
280 4320 569 4389 besoldossenund
586 4315 768 4383 vernrdnen
782 4311 1012 4398 provisoriscb,
1029 4309 1091 4374 wia
1106 4307 1207 4389 lolgt:

46 4404 111 4484 ι·
139 4434 240 4501 chn
257 4435 309 4498 die
328 4430 517 4515 llingebung
532 4431 622 4495 einer
636 4426 723 4502 Ehe,
749 4426 841 4489 eines
861 4416 1086 4509 remandenou
1100 4428 1204 4479 aurern¹
1278 4454 1281 4465 ·
