2798 4852
496 230 498 235 ’
599 224 833 350 ..5694

143 474 397 553 ncnrepepnet‘l
409 472 603 552 Responsum
618 471 656 534 ad
666 470 745 535 hanc
757 472 972 550 quaestionem
992 469 1024 533 in
1035 471 1073 532 lis
1087 472 1148 534 iam
1165 469 1271 562 conti·-

139 587 347 661 actamquae
364 578 507 662 superius
523 580 554 641 in
571 579 701 643 historia
719 579 885 642 mixtorum
901 578 1169 641 matrimoniorum
1197 575 1268 639 adl.
1348 638 1351 643 .

147 686 231 751 dicta
242 693 329 750 sunt:
340 693 524 767 argumenta
534 688 615 750 anim
627 704 685 769 pro
702 693 733 748 et
743 692 850 749 contra
862 684 1049 751 exhauriunt
1061 689 1184 746 mutuae
1200 682 1267 753 Ds-

145 795 335 858 clarationes
348 794 587 857 Protestantium
598 801 629 857 et
639 792 865 857 Catholicorum
883 793 943 857 illic
955 810 1011 875 per
1023 798 1184 871 extensum
1196 789 1267 855 vul-

146 908 253 982 gatae,
269 917 366 982 quare
392 898 539 963 lectorem
556 898 594 962 ad
612 906 796 964 memoratas
823 897 1055 964 Demutationes
1071 899 1266 962 remittimus.

237 1113 284 1177 ht
301 1115 352 1179 VI.
377 1115 426 1176 An
452 1122 482 1178 et
505 1119 658 1198 quomodo
684 1120 909 1180 dissentientes
935 1119 1079 1180 Statorem
1104 1116 1267 1195 opiniones
1339 1148 1341 1153 ,

147 1222 317 1287 conciliari
337 1223 491 1303 possint?
516 1222 548 1286 Si
574 1226 717 1305 quaestio
743 1224 820 1287 haec
847 1226 887 1287 ita
915 1222 1127 1304 intelligatur,
1153 1226 1277 1301 ntper'

138 1337 267 1394 mutuas
294 1333 516 1394 concessiones
541 1339 570 1407 et
593 1334 818 1395 sententiarum
844 1329 1088 1394 modificationes
1105 1330 1187 1390 inter
1205 1326 1267 1399 Ca,-

144 1437 279 1520 tholicos
296 1445 327 1500 et
343 1439 558 1505 Protestantes
575 1438 613 1501 lis
632 1439 812 1503 dirimatur:
836 1447 900 1502 tum
918 1437 1058 1518 equidem
1086 1433 1263 1498 conciliatio
1359 1427 1362 1432 ’

143 1544 395 1609 dissentientium
418 1546 598 1624 opinionum
614 1561 668 1607 res
686 1553 734 1608 est
751 1563 868 1609 summe
895 1545 991 1608 ardna
1009 1563 1049 1606 ne
1066 1543 1165 1605 dicam
1182 1559 1264 1623 pene

143 1651 353 1732 impossibilis.
385 1653 559 1716 catholicus
586 1654 685 1726 enim,
717 1653 817 1716 donec
850 1651 1026 1716 Catholicae
1053 1655 1187 1723 manet„
1206 1665 1264 1710 nec

142 1746 336 1824 Sacramenti
363 1761 585 1842 proprietatem
611 1760 806 1826 llatrimonio
833 1760 1031 1836 abiudicata,
1058 1776 1116 1820 nec
1147 1755 1278 1819 causa-¹

141 1876 211 1930 rum
246 1866 522 1930 matrimonialium
551 1869 762 1948 cognitionem
799 1867 887 1932 Foris
905 1866 1051 1931 Civilibus
1098 1864 1264 1927 transmit-

144 1982 216 2038 tere
240 1980 363 2056 polest,
390 1992 457 2036 cnm
485 1992 576 2037 secus
605 1975 768 2037 anathema
794 1977 828 2037 C.
856 1973 1027 2036 Tridentini
1053 1972 1137 2034 sess.
1155 1968 1265 2032 anne
1344 1952 1349 2018 s

140 2079 227 2146 Sacr.
244 2080 334 2144 Matr·
353 2081 427 2144 Can.
449 2080 474 2143 l.
495 2088 526 2144 et
547 2078 597 2145 12.
624 2082 820 2145 incurreret„
836 2078 1041 2156 Quamobrem
1068 2097 1127 2141 nec
1144 2080 1175 2141 in
1192 2095 1260 2140 ma·

138 2188 298 2253 trimoniis
315 2191 418 2252 mixtis
435 2163 502 2252 seu¹
515 2179 690 2266 copulatio,
717 2193 784 2253 sire
801 2188 952 2253 iudicatus
967 2189 1006 2250 dc
1024 2185 1127 2249 causis
1145 2184 1257 2247 matri-

141 2294 328 2387 monialibus
339 2296 376 2357 ad
389 2296 478 2368 alios,
489 2313 581 2377 quam
592 2295 766 2360 Catholicos
778 2294 964 2375 Sacerdotes
978 2294 1136 2375 pertinere
1147 2298 1260 2372 potest,

137 2420 208 2470 cum
219 2402 258 2465 de
276 2402 477 2466 Sacramenta
492 2410 613 2484 agatur.
632 2404 668 2466 Et
684 2405 753 2467 hinc
772 2405 916 2468 licetnon
928 2403 1075 2484 exiguum
1087 2401 1259 2463 allevemen
1281 2428 1285 2436 ·

126 2527 200 2589 -per
211 2508 241 2572 id
254 2510 347 2575 Glero
364 2492 518 2573 catholico
530 2510 707 2585 accederet,
725 2515 751 2574 si
769 2512 806 2574 ab
823 2510 997 2587 inamoenis
1015 2516 1046 2572 et
1067 2523 1263 2589 summopere

107 2700 109 2704 Ι
138 2615 246 2679 arduis
264 2616 532 2681 matrimonialium
544 2617 743 2682 dissidiorum
761 2626 792 2682 et
807 2635 1010 2701 processuum
1026 2613 1261 2698 cognitionibus

138 2741 176 2786 ac
196 2723 444 2790 discussionibus
461 2725 676 2808 liberaretur:
707 2726 817 2792 sumtis
843 2707 1040 2790 nihilominus
1068 2724 1099 2786 ln
1125 2721 1258 2783 debitam
1365 2768 1369 2774 .

102 2866 106 2871 -
131 2829 344 2895 reflexionem
361 2832 522 2916 principiis
539 2833 700 2902 llcclesiae
718 2817 917 2908 Catholicae,
943 2852 1000 2915 pro
1018 2850 1056 2896 eo
1073 2829 1277 2895 senteutiam,
1344 2838 1347 2845 '

137 2937 246 3000 dicere
262 2936 503 3030 nscessitamur‚
521 2940 603 3020 quod
619 2941 761 3005 Ecclesia
778 2942 956 3016 catholica,
983 2941 1043 3017 nisi
1060 2936 1259 3021 dogmatibus

136 3045 202 3107 suis
229 3045 374 3107 nuncium
397 3048 520 3109 mittere
546 3047 640 3119 velit,
668 3032 807 3130 projecta
826 3050 929 3113 Status
946 3043 1163 3109 Protestantlci
1180 3041 1252 3104 nul·
1324 3105 1327 3111 ,

87 3197 89 3200 -
135 3150 261 3215 lomodo
288 3159 453 3235 acceptare
478 3158 596 3236 possit,
624 3174 685 3220 non
710 3155 808 3237 possit
830 3155 952 3219 scilicet
968 3152 1126 3215 accedere
1144 3167 1202 3212 seu
1223 3147 1261 3209 ad

134 3258 188 3330 id,
217 3265 249 3320 nt
275 3260 433 3339 copulatio
460 3278 661 3340 personarum
689 3266 802 3325 mixtae
828 3262 1001 3346 religionis¹
1018 3280 1075 3343 per
1091 3264 1256 3356 utriusque
1339 3332 1343 3337 .
1373 3273 1379 3286 ¹

117 3363 297 3453 religionis
323 3365 481 3431 ministros
513 3359 702 3452 peragatur3
733 3388 790 3434 seu
814 3371 927 3458 adid,
952 3380 986 3436 ut
1012 3392 1179 3456 processus
1208 3381 1258 3445 di-

119 3471 286 3535 'vortiales
312 3475 342 3539 in
378 3477 579 3540 matrimoniis
612 3477 714 3541 mixtis
751 3478 921 3544 secundum
952 3484 1105 3563 principia
1137 3490 1257 3552 utrius·
1324 3507 1326 3512 ·
1368 3479 1371 3487 ’

96 3640 102 3647 ,
136 3597 197 3660 que
229 3578 394 3662 religionis
427 3582 612 3647 Consistorii
645 3586 873 3663 diiudicentur3
915 3607 971 3651 seu
1004 3589 1125 3654 demum
1160 3585 1283 3668 adids

133 3692 168 3747 ut
193 3704 301 3768 orrrnes
323 3705 438 3751 causae
454 3692 696 3756 matrimoniales
723 3695 759 3756 ad
786 3695 853 3757 lora
880 3680 1037 3762 secularia
1062 3699 1255 3784 relegentur.

125 3793 204 3856 -Non
232 3795 276 3855 ed
307 3795 462 3874 primunr:
496 3816 566 3860 nam
607 3800 768 3881 copulatio
802 3818 857 3881 per
892 3801 1258 3890 utriusquelleligionis

134 3900 295 3964 ministros
332 3909 363 3964 et
394 3904 551 3986 superllua
586 3913 651 3978 est,
687 3915 717 3970 et
749 3907 865 3973 admitti
900 3914 1026 3993 nequit3
1057 3917 1150 3994 prins
1176 3915 1257 3992 ideo,
1331 3913 1358 3969 ¹-
1385 3876 1389 3884 Ι

131 4007 236 4086 quod,
264 4019 355 4090 quum
381 4027 454 4092 pars
481 4015 732 4079 contrahentium
756 4020 978 4096 protestantica
1005 4038 1065 4083 nec
1081 4022 1249 4086 occasione

132 4113 223 4194 primi
249 4114 472 4196 copulationis
489 4135 585 4183 sensu
610 4139 734 4204 quoqne
761 4123 905 4186 altiorum
931 4125 1075 4188 ordinum
1101 4128 1256 4207 praemitti

132 4215 400 4296 soliti'erraminis,
428 4242 486 4289 nec
511 4229 626 4312 inipso
645 4237 717 4294 actu
733 4231 943 4313 copulationis
960 4233 999 4295 ad
1015 4237 1250 4310 agnoscendam

89 4358 94 4362 ·
130 4330 163 4391 in
179 4329 345 4406 obversum
361 4333 586 4416 principiorum
602 4336 672 4402 lidei
695 4355 772 4402 suae
790 4337 988 4423 Sacramenti
1004 4339 1185 4422 qualitatem
1205 4346 1255 4410 vel
1349 4412 1353 4419 ,

132 4437 232 4549 serbo
258 4440 452 4525 stringatur,
479 4440 535 4508 sed
552 4441 700 4521 duntaxat
717 4445 756 4514 de
770 4466 811 4517 eo
828 4450 916 4516 iuxta
932 4456 1115 4545 consuetam
1132 4451 1251 4516 Eccle-
1329 4471 1334 4477 ·
