2798 4852
502 244 872 355 --5-47123

91 496 99 501 .
134 427 230 509 antea
247 461 414 527 numquam
431 446 534 510 adhue
550 453 809 522 controversam,
836 425 997 516 declarare
1015 450 1254 528 addubitaverit,

132 552 272 635 propriis
299 550 412 618 eorum
433 554 590 638 coniugiis
618 561 723 620 notam
748 556 1009 622 concubinatus'
1001 561 1104 634 inuri,
1134 565 1166 623 et
1182 562 1255 641 quia

135 660 286 727 conversi
312 661 350 723 ad
376 661 467 725 fidem
494 662 679 727 catholicam
705 662 858 746 coniuges
888 665 1066 748 recopulari
1092 684 1259 748 numquam

133 768 293 844 solebam,
304 778 527 853 prognatarum
539 789 579 834 ex
594 771 632 835 iis
644 771 777 853 prolium
792 770 1021 856 legitimitatem
1038 773 1260 841 successiona-
1308 822 1312 828 .
1387 777 1390 783 '

131 877 241 957 liaquc
267 875 502 941 haereditatis
494 895 560 942 rura
578 879 617 940 in
644 876 813 942 discrimen
839 876 972 957 adduci,
1011 877 1085 961 sed
1095 883 1127 941 ct
1149 894 1258 948 ansam
1344 912 1350 932 ··

132 970 317 1049 huiusmodi
343 967 530 1067 coniugibus
556 986 723 1068 praeberi,
750 994 782 1049 ut
799 987 924 1051 vivente
942 986 1041 1049 etiam
1051 995 1201 1053 conserte
1216 974 1259 1052 ad

133 1107 237 1154 novas
253 1091 401 1175 nuptias
393 1109 442 1155 rus
458 1093 517 1155 sibi
533 1100 715 1174 competere
732 1092 946 1156 existimantes
964 1095 1071 1157 emnia
1083 1093 1177 1157 iera
1168 1112 1258 1157 mra-

134 1215 199 1279 que
215 1198 420 1276 perturbent,
450 1204 504 1261 aut
521 1184 634 1285 saltem
649 1200 688 1262 ob
706 1206 914 1278 praesumtum
941 1199 1080 1284 coniugii
1096 1196 1145 1264 sui
1162 1200 1258 1273 nulli·
1328 1252 1333 1261 .

117 1298 231 1368 'tatem
248 1303 382 1369 assiduis
400 1307 582 1369 crucientur
599 1309 814 1373 conscientiae
829 1307 1035 1372 remensibus.
1128 1364 1131 1369 .

111 1413 115 1421 '
225 1411 378 1497 Equidem
394 1411 595 1477 beatissimus
612 1412 704 1475 Pater
720 1431 776 1495 pro
789 1416 1112 1498 tenerrimoveraque
1129 1425 1257 1497 aposte-

131 1519 199 1583 lice
216 1537 274 1603 sue
291 1518 426 1590 tuendae
437 1520 807 1604 orthodoxaercligionis
824 1523 925 1586 studio
943 1541 1031 1597 suam
1047 1524 1087 1586 de
1104 1541 1143 1587 eo
1161 1523 1261 1604 nuper
1285 1606 1291 1615 ἱ
1353 1557 1356 1563 ·
1391 1565 1395 1573 ·

132 1643 243 1690 ceram
261 1646 309 1690 me
327 1624 530 1692 manifestare
548 1629 755 1712 dignatusest
771 1629 1030 1701 sollicitudinem:
1048 1611 1087 1693 rie
1105 1630 1260 1715 postulata

131 1733 216 1796 haec
233 1718 405 1801 declaratio
417 1736 498 1819 apud
509 1753 567 1799 nos
578 1737 668 1799 subin
679 1744 793 1820 vergat
802 1739 834 1801 in
844 1734 1009 1801 Ecclesiae
1027 1736 1259 1802 detrimentum.
1287 1738 1293 1748 '

129 1840 177 1906 At
194 1841 262 1922 ipse
289 1844 434 1906 existimo
461 1843 632 1906 commodis
656 1845 704 1906 rei
730 1843 902 1907 catholicae
919 1846 950 1907 in
967 1844 1027 1907 hee
1044 1860 1147 1928 regne
1163 1846 1260 1928 longe

133 1946 249 2011 melius
277 1940 454 2012 consultum
480 1950 536 2020 iri,
556 1953 583 2013 si
599 1947 730 2031 parochi
755 1949 904 2013 catholici
930 1951 968 2013 ab
987 1955 1070 2016 omni
1096 1952 1127 2014 in
1146 1950 1260 2016 talibus
1279 2034 1283 2039 ,

133 2057 241 2120 mixtis
259 2052 468 2127 matrimoniis,
486 2058 516 2119 in
534 2058 644 2139 quibus
662 2056 816 2120 catholica
829 2048 963 2122 omnium
975 2047 1105 2138 prolium
1116 2058 1260 2123 educatio

132 2166 200 2227 rite
215 2171 387 2246 praecauta
404 2182 467 2229 non
485 2171 542 2235 est,
555 2155 738 2245 ¹assistentia
757 2163 953 2231 abstinendo.
970 2165 1131 2242 Ecclesiae
1150 2173 1259 2231 contra

132 2270 189 2337 illa
208 2273 439 2335 aversationem
452 2271 561 2359 'palam
578 2271 733 2340 iecerint,
751 2289 842 2351 quam
859 2274 886 2334 si
903 2251 1057 2336 taiismedi
1074 2279 1258 2337 contractus
1368 2348 1372 2355 ‚

134 2397 195 2460 per
211 2378 409 2443 materialem
423 2396 510 2441 suam
522 2368 905 2462 assistentiam‘adrjaleris
917 2380 1260 2463 firmitatem'elevande

134 2506 174 2551 ac
192 2486 279 2549 velut
289 2489 356 2549 veri
374 2488 509 2550 nominis
526 2489 720 2549 matrimonia
736 2487 824 2563 libris
840 2487 1073 2577 parochialibus
1091 2486 1260 2551 inserendo
1357 2522 1362 2527 -

133 2580 241 2677 selam
251 2586 503 2665 benedictionem
516 2586 711 2677 negaverint,
729 2613 819 2676 quam
830 2596 986 2675 personae
996 2595 1172 2661 huiusmodi
1183 2613 1269 2666 car-⁸

109 2730 113 2735 ·
134 2703 201 2766 nali
218 2686 336 2765 amere=
350 2704 542 2765 obcaecatae
569 2701 630 2765 hec
647 2705 748 2765 minus
766 2688 939 2772 curabunt,
966 2701 1054 2780 qued¹
1067 2709 1261 2783 experturae

134 2810 201 2872 sint
224 2805 404 2871 Ecclesiam
415 2827 471 2888 per
488 2808 699 2872 assistentiam
716 2806 845 2889 parochi
861 2807 901 2870 ad
918 2810 1143 2875 matrimonium
1160 2827 1260 2883 suum,
1280 2870 1283 2878 ,

135 2922 285 2998 quantum
301 2906 360 2978 sibi
378 2933 456 2998 opus
473 2924 561 2992 crat,
589 2919 809 2987 concurrisse,
836 2915 961 3005 quodve
978 2917 1083 3001 sciant¹
1096 2915 1179 2979 illam
1197 2933 1258 2979 nec
1287 2946 1302 2967 ··
1317 2985 1329 2995 ἡ
1357 2987 1361 2994 ,

114 3048 117 3053 ·
136 3024 335 3089 advalorem
350 3041 428 3104 pure
440 3021 665 3099 catholicorum
686 3021 950 3085 matrimoniorum
972 3015 1261 3104 indispensabilitcr
1305 3026 1310 3033 '
1347 3018 1366 3035 ”

135 3132 269 3213 requiri.
295 3129 442 3211 Aliequin
460 3148 529 3192 cum
547 3146 654 3193 omnes
672 3129 778 3212 proles
796 3148 813 3213 e
831 3129 935 3219 mixtis
952 3135 1042 3189 matr.
1060 3117 1271 3219 progenitae,
1292 3155 1295 3160 ·
1341 3180 1344 3187 .

134 3240 163 3301 si
181 3244 270 3319 pater
285 3239 326 3301 sit
342 3238 526 3308 catholicus,
537 3238 569 3299 in
586 3220 826 3318 eius‘rcligienc
844 3234 971 3319 educari
990 3234 1141 3323 debeant,
1154 3235 1213 3298 hac
1229 3237 1263 3300 in
1290 3256 1293 3261 ·
1315 3268 1322 3275 -
1345 3214 1349 3226 ’

132 3352 227 3431 parte
238 3344 321 3408 bono
338 3346 386 3406 rei
397 3341 642 3423 Catholicae-per
653 3342 740 3424 ipsas
750 3341 858 3403 civiles
869 3342 960 3422 leges
979 3347 1180 3422 prospectum
1198 3348 1260 3405 est.
1309 3376 1314 3385 ·

227 3451 424 3535 singularem
437 3451 597 3531 denique
589 3470 621 3513 m
639 3448 820 3513 definienda
837 3449 896 3521 hac
914 3465 1009 3521 causa
1020 3454 1155 3529 poscunt
1172 3465 1258 3511 con·
1303 3504 1306 3511 ,

136 3560 366 3625 siderationem
384 3555 496 3622 Graeci
511 3559 599 3621 Ritus
612 3552 804 3651 schismatici
820 3554 956 3633 incolae,
974 3555 1027 3636 qui
1042 3554 1074 3616 in
1089 3554 1260 3636 hungaria,
1332 3566 1336 3571 '

134 3669 344 3750 Partibusque
371 3664 473 3730 eidem
499 3665 632 3729 adnexis
659 3673 690 3727 et
714 3666 848 3748 sparsim
875 3666 966 3727 etiam
992 3664 1022 3725 in
1039 3650 1261 3727 haereditariis

133 3776 290 3842 Austriae
317 3774 497 3839 ditionibus
503 3772 582 3865 duos
599 3791 720 3855 prope
722 3771 874 3836 milliones
892 3769 1041 3853 efficiunt.
1065 3768 1182 3852 Nempe
1198 3770 1262 3841 Ec·
1275 3852 1279 3858 Ι
1372 3826 1374 3831 .

136 3885 235 3951 clesia
253 3881 422 3948 Orientalis
443 3883 536 3946 etiam
562 3880 722 3945 Catholica
742 3879 781 3943 ad
800 3880 939 3947 valorem
957 3875 1264 3940 matrimoniiritua·
1290 3956 1293 3961 Ι

134 3989 440 4072 lambiereIegiam‚
464 3986 633 4070 liturgicas
650 3987 785 4061 formas,
804 3993 835 4050 et
858 3970 1135 4056 sacramentalem,
1153 3989 1263 4045 utve·
1267 4066 1271 4072 Α
1299 4047 1304 4055 ,
1342 4064 1355 4086 Ι,

138 4104 225 4169 cant,
242 4095 507 4179 benedictionem,
519 4103 612 4187 atque
630 4084 709 4159 adeo
725 4094 888 4178 positivam
904 4088 1078 4171 copulantis
1089 4086 1277 4155 sacerdotis.
1362 4138 1373 4185 ·,

106 4220 109 4227 '
134 4202 400 4288 cooperationem
420 4205 569 4269 inomisse
595 4204 805 4268 necessariam
817 4216 889 4263 esse
907 4195 1020 4261 credit.
1034 4193 1130 4268 Quam
1140 4194 1265 4278 quidem

95 4381 100 4386 ,
138 4314 432 4401 sententiam,utut
449 4329 467 4374 a
484 4328 539 4375 sua
556 4310 764 4390 abludentem,
781 4305 924 4371 Ecclesia
939 4300 1264 4381 Romane-catholica
1317 4360 1321 4367 .
1367 4315 1371 4325 ·

132 4404 182 4489 ita
199 4418 332 4501 medum
355 4414 462 4504 passa
476 4427 545 4500 est,
571 4410 827 4516 quemadmodum
852 4416 885 4481 in
911 4409 1052 4496 Concilio
1080 4408 1263 4516 Tridentino
