2798 4852
488 232 721 342 4303-

466 578 470 589 ’
562 589 650 662 533.

113 762 235 818 ceratum
248 759 348 817 Cone.
362 758 655 845 Philadelphiensis
667 760 698 816 in
711 759 861 817 Ameriae
876 761 915 817 de
926 761 1038 819 mixtis
1048 765 1143 820 matr.

558 849 648 906 lara.

139 999 273 1080 Cop.12.
298 999 395 1072 Ouum
413 999 638 1063 matrimonium
656 1004 886 1061 sacramentum
903 1016 1047 1082 magnum
1066 1006 1114 1079 est
1132 1003 1164 1065 in

113 1106 168 1179 isto
187 1113 218 1167 et
235 1107 267 1169 in
284 1106 448 1176 Ecclesia.
474 1106 534 1168 rite
552 1121 676 1185 semper
693 1111 724 1166 et
740 1111 849 1167 sancte
866 1105 1090 1171 celebrandurn
1107 1113 1164 1169 cst.

113 1214 193 1274 miter
211 1230 291 1294 ergo
308 1216 452 1294 peccant,
471 1211 522 1292 qui
539 1210 740 1274 sacerdotum
758 1211 903 1294 neglecto
915 1213 1085 1279 ministerio
1104 1232 1163 1277 co-

113 1322 316 1401 imagistratu
333 1317 429 1395 civili,
447 1318 576 1401 gravius
594 1317 702 1392 adhuc,
720 1319 771 1399 qui
789 1336 895 1382 coram
912 1335 1069 1399 praecone
1085 1339 1165 1402 pro·

115 1428 210 1488 antico
237 1426 313 1488 illud
341 1425 537 1488 contrahunt.
570 1424 780 1488 Vehementer
806 1442 931 1506 quoque
957 1427 1164 1507 reprobamus

113 1546 157 1593 um
173 1532 287 1615 agendi
303 1533 466 1603 rationem,
485 1531 585 1611 quiin
603 1531 804 1594 matrimoniis
815 1533 919 1594 mixtis
937 1548 1041 1594 coram
1052 1549 1165 1596 sacer·
1195 1602 1199 1609 ,

113 1654 123 1698 e
144 1638 294 1700 catholieo
310 1638 397 1719 prius
414 1637 613 1713 contrahunt,
630 1643 662 1700 et
679 1642 787 1717 postea
803 1655 911 1701 coram
926 1655 1097 1719 praecone,
1116 1639 1178 1711 vet·

113 1762 122 1806 e
143 1763 246 1808 versa.
272 1744 382 1807 Nullus
399 1744 548 1807 sacerdos
574 1747 605 1805 in
621 1743 679 1805 hac
697 1743 837 1808 dioecesi
855 1743 987 1807 adsistat
1004 1747 1166 1809 matrimo-

121 1869 235 1926 eorum,
254 1869 333 1933 quos
351 1851 397 1912 sio
415 1869 512 1933 agere
529 1851 612 1913 velle
629 1854 763 1914 noverit.
789 1850 863 1914 Cum
881 1851 963 1914 enim
973 1854 1166 1917 matrimonia
1281 1908 1284 1917 .

113 1978 152 2021 am
168 1959 337 2023 sacerdote
355 1963 516 2020 contracta
543 1958 634 2018 etiam
659 1958 691 2018 in
709 1956 779 2020 foro
797 1956 881 2018 civili
898 1957 1001 2019 valida
1018 1958 1162 2021 habean-

113 2067 215 2139 ‚nulla
231 2066 373 2148 legitima
390 2081 484 2127 causa
501 2064 552 2125 hic
568 2062 756 2140 intercedit,
773 2080 829 2124 cur
846 2079 880 2124 se
898 2080 1004 2124 coram
1022 2063 1166 2127 ministro

113 2175 223 2237 tholico
241 2174 362 2235 sistant.
388 2171 426 2233 Ut
444 2177 546 2233 autem
564 2177 712 2250 quantum
728 2186 904 2249 possumus,
922 2168 1031 2232 fideles
1048 2172 1085 2232 ab
1103 2172 1167 2235 iili-

113 2294 122 2338 s
144 2281 192 2342 his
218 2278 422 2341 matrimoniis
450 2277 680 2349 deterreamus,
698 2276 912 2339 decernimus:
939 2283 973 2339 ut
989 2279 1169 2360 quicunque

113 2388 176 2450 thac
194 2403 300 2448 coram
315 2401 476 2465 praecone
493 2384 720 2464 protestantico
742 2384 774 2446 in
802 2376 987 2465 quocunque
1004 2402 1081 2448 casu
1097 2405 1167 2448 ma-

113 2497 224 2557 ronium
241 2492 439 2564 contrahunt,
457 2490 790 2554 excommunicationis
802 2491 987 2555 sententiam
1003 2491 1095 2554 nohis
1112 2511 1169 2554 re·

113 2610 207 2665 ratam
223 2601 293 2684 ipso
310 2600 392 2662 facto
409 2602 578 2662 incurrant.

564 2811 651 2887 534.
698 2838 701 2843 ·

113 3007 195 3064 stola
210 3002 385 3076 pastoralis
396 3003 554 3074 Episcopi
574 3002 731 3057 Fluminis
756 3001 901 3057 danuarii
915 3003 947 3056 in
960 3001 1098 3058 Brasiiia
1112 3002 1167 3056 dd.

113 3096 175 3154 tur.
188 3095 279 3152 1846.
293 3110 354 3165 qua
367 3092 478 3148 fideles
487 3107 564 3147 suos
576 3092 608 3145 iu
624 3088 750 3146 colonia
762 3089 1004 3159 Petropolitana
1015 3091 1169 3161 degentes

280 3185 320 3239 ab
335 3183 481 3239 ineundis
494 3183 588 3236 matr.
603 3181 717 3236 mixtis
732 3178 930 3235 dehortatur.

138 3346 173 3415 D'.
201 3328 324 3415 Manoei
350 3349 389 3414 do
415 3349 519 3411 hdonte
540 3346 718 3428 Rodrigues
745 3343 923 3426 d’hranjo,
954 3342 1085 3406 Bischot
1106 3361 1169 3407 von

126 3459 163 3523 de
179 3461 307 3522 Janeiro
326 3465 385 3519 etc.
413 3457 480 3518 Den
506 3453 723 3518 hatholischen
749 3452 931 3515 Deutschen
959 3451 1016 3513 der
1041 3450 1176 3513 Colonie'

113 3566 299 3648 .Petropolis
310 3567 340 3626 in
358 3565 414 3626 der
425 3565 557 3627 Provinz
572 3561 629 3622 Rio
647 3559 685 3623 de
701 3559 839 3622 Janeiro.
859 3586 899 3602 ᾶ-
917 3558 972 3622 Ein
989 3557 1167 3640 Ereigniss,

113 3690 153 3735 ne
170 3673 300 3734 theurcn
312 3669 437 3741 hindar,
455 3667 510 3730 das
528 3670 559 3730 in
577 3667 682 3729 dieser
693 3666 821 3730 Colonie
831 3666 1030 3751 vorgesallep
1041 3666 1167 3738 ist‚und

115 3794 130 3837 z
154 3780 212 3843 aui
236 3796 313 3841 euer
340 3774 516 3839 Seelenheil
543 3775 697 3852 abzielte,
719 3774 835 3855 jedoch
861 3774 917 3836 auf
934 3773 1170 3835 ·verschiedene

126 3885 294 3969 ausgclegt
309 3884 427 3960 warde,
454 3883 520 3964 legt
536 3897 594 3944 uns
612 3881 662 3942 die
678 3880 786 3943 Pssicht
803 3880 864 3958 aus,
883 3880 1169 3962 hei-gegenwiirti-

128 3994 340 4076 Geiegenheit
366 3990 421 4052 das
438 3991 529 4053 Wort
554 3974 593 4049 an
610 3987 691 4051 euch
713 4006 752 4049 zu
768 3986 901 4049 richten.
919 3986 996 4048 =Und
1022 3985 1060 4046 da
1078 3983 1166 4069 diess
1247 3986 1250 3990 '
1293 4005 1296 4013 ·
1321 3977 1328 3985 ’
1358 3988 1361 3992 ’

121 4100 273 4164 erstcmai
291 4102 349 4171 ist,
369 4098 440 4159 dass
457 4100 528 4168 wir,
544 4113 610 4157 was
628 4093 708 4156 euch
725 4093 858 4166 hetrifft,
876 4091 986 4155 diesen
1003 4093 1172 4175 vorzhgli-
1220 4078 1227 4094 ⁸
1255 4144 1265 4152 .

113 4209 237 4294 aTheil
264 4224 396 4270 anseres
423 4205 628 4267 Hirtenamtes
647 4201 802 4275 ausititem,
817 4220 866 4266 'so
889 4201 1003 4264 wollen
1019 4203 1076 4262 wir
1093 4200 1173 4262 euch

117 4322 212 4396 aren,
240 4317 312 4379 dass
329 4317 386 4376 wir
403 4313 454 4376 fiir
471 4313 551 4373 euch
569 4309 707 4373 dieseibe
724 4309 818 4371 Liebe
838 4309 953 4392 hegen,
970 4308 1030 4369 wie
1047 4307 1097 4369 fur
1114 4323 1172 4368 un·

113 4437 120 4477 ὲ
143 4426 283 4489 anderen
294 4423 411 4488 hinder
428 4421 532 4484 dieser
547 4419 694 4492 Didcese‚
713 4414 809 4479 deren
827 4416 914 4490 aller,
932 4414 1172 4478 dicNachsten-
