2798 4860
539 249 809 324 ...saa-
910 336 917 350 ,

126 458 198 515 vota
224 446 461 512 matrimonialia
488 446 688 510 convolantes
714 444 894 509 catholicus
921 442 1079 524 duntaxat
1096 443 1235 506 Parochns

126 557 267 637 copulet,
293 561 463 618 etecusam
481 553 675 619 divortialem
700 552 808 616 talium
824 552 995 635 coniugum
1014 550 1121 614 lorum
1136 548 1234 614 Eccle-

124 664 283 728 siasticum
310 660 542 726 Catholicorum
558 667 749 744 pertractet;
782 656 875 742 idque
899 660 1076 740 canapis,
1106 659 1175 739 quia
1191 675 1236 721 se·

125 767 257 833 eundum
274 768 444 849 praemissa
470 774 588 830 certum
606 773 652 829 est
671 774 733 830 tum
752 763 833 848 quod
860 765 1092 862 Matrimonium
1111 785 1170 849 qua
1186 763 1236 829 Sa·

81 898 85 903 ·
127 882 319 940 crementum
343 873 422 955 parti
441 873 616 937 catholicae
634 874 757 937 nonnisi
773 870 954 936 catholicus
971 874 1130 954 parochus
1150 873 1236 937 admi-

127 985 272 1060 nistrare,
290 981 435 1062 idemque
454 988 601 1063 respectu
616 984 716 1061 partis
732 984 976 1063 protestanticae
989 982 1104 1045 eodem
1115 989 1238 1064 tempore

127 1088 166 1153 ad
176 1088 392 1172 excipiendum
412 1107 601 1153 consensum
612 1090 644 1152 in
657 1096 852 1155 contractum
874 1088 1073 1174 coniugalem
1085 1089 1240 1153 omnimode

22 1289 27 1294 .
129 1196 335 1280 qualificatum
353 1203 467 1260 testem
484 1200 709 1279 agerepossit3
729 1204 789 1260 tum
809 1196 892 1280 quod
908 1198 988 1277 parti
1006 1201 1235 1279 protestanlicae

128 1323 184 1388 per
199 1304 367 1369 iudicatum
384 1321 498 1368 causae
520 1304 759 1371 matrimonialis
786 1305 855 1370 loro
873 1305 1036 1369 datholtco
1066 1305 1235 1382 nullainle·

43 1400 46 1405 ’
131 1420 217 1476 ratur
253 1415 383 1486 iniuria,
409 1414 476 1494 ipsa
501 1419 589 1493 parte
616 1413 840 1494 protestantica
871 1397 931 1492 'per
953 1412 1063 1476 initum
1080 1422 1237 1497 camparte

37 1554 42 1562 ·
131 1503 284 1583 catholiea
295 1520 522 1583 matrimonium
542 1519 611 1582 huic
631 1518 801 1583 conditioni
817 1526 848 1581 et
864 1519 1047 1584 accessorio
1074 1524 1198 1603 praevie
1212 1541 1238 1584 ae

30 1611 46 1652 ‘⁵
130 1615 241 1708 sponte
257 1645 293 1691 se
310 1645 346 1689 se
372 1629 580 1690 submittente.
606 1627 854 1701 Quodsiautem
880 1627 972 1690 iustis
999 1628 1049 1693 lais
1072 1628 1176 1694 Status
1191 1626 1239 1717 Ga·

131 1734 425 1825 tholicipostulatis
451 1736 663 1798 Protestantes
691 1739 897 1818 acquiescere
923 1715 1006 1798 ultro
1034 1737 1128 1799 etiam
1154 1739 1240 1819 tergi-

131 1848 353 1915 versarentur,
378 1843 571 1924 evenireque
599 1840 679 1904 haud
706 1851 837 1925 posset,
864 1851 896 1906 ut
922 1837 1114 1907 accomodus
1142 1845 1196 1908 boc
1218 1846 1241 1906 in

2 2032 8 2044 ι
30 1965 34 1972 ’
131 1949 240 2011 merito
257 1949 335 2030 legis
353 1935 672 2012 articulusAltissimo
690 1948 774 2012 Loco
793 1951 1011 2013 substernatur
1022 1970 1031 2027 ;
1051 1952 1084 2014 in
1098 1950 1161 2014 hoc'
1179 1968 1241 2014 casn

21 2124 25 2131 ,
65 2030 71 2040 ”
132 2057 227 2119 ductu
243 2054 624 2153 Diplomatis'Leopoldini
641 2064 747 2137 punct.
761 2056 791 2120 3.
805 2057 896 2120 Suam
913 2034 1109 2138 llajestatem
1133 2056 1240 2122 SSmam

132 2161 321 2227 exorandam
338 2179 513 2239 censemus,
530 2170 564 2226 ut
579 2161 772 2225 differentias
789 2163 846 2226 has
861 2163 1089 2244 religionarias
1105 2165 1240 2247 Suprema

132 2288 187 2333 sua
215 2272 400 2332 auctoritate
427 2269 526 2353 Regia
543 2286 599 2353 pro
627 2269 850 2351 tranquillitate
866 2269 1001 2334 fidelium
1019 2288 1150 2336 suorum
1176 2273 1238 2335 sub·

134 2377 269 2451 diturum
296 2394 485 2456 componere
515 2376 680 2459 dignetur,
713 2377 834 2460 hocque
862 2395 959 2458 scopo
982 2366 1116 2458 quaevis
1142 2380 1240 2444 hocin

65 2562 69 2570 Ι
132 2483 255 2566 objecto
271 2490 415 2547 anteacta
432 2503 500 2548 cum
519 2483 716 2566 opinionibus
733 2481 872 2555 Statuam
890 2502 928 2546 oc
946 2482 1010 2549 00.
1032 2494 1064 2549 et
1080 2487 1172 2569 liegii
1187 2485 1238 2549 Gu-

133 2591 231 2655 bernii
247 2591 408 2654 Altissimo
426 2591 508 2656 Loco
527 2588 684 2654 sabbatorni
702 2593 913 2655 necessarium
931 2592 1118 2657 iudicamus,

221 2696 419 2762 Rellexiones
436 2699 491 2761 bas
517 2706 643 2763 nostras
661 2706 692 2760 ot
709 2698 936 2763 declarationes
956 2701 1140 2764 Protocollo
1157 2705 1239 2766 inseri

133 2811 163 2865 et
189 2804 269 2869 Suae
295 2804 448 2885 Majestali
475 2805 584 2868 SSrnac
611 2805 770 2870 substerni
797 2826 835 2870 eo
865 2807 969 2870 addito
995 2809 1153 2890 petimus,
1177 2811 1238 2892 quod

60 2912 62 2922 “
133 2927 236 2972 casum
254 2913 283 2974 in
302 2915 493 2975 eontrarium
520 2915 647 2976 casdem
672 2932 732 2977 nos
757 2915 816 2996 ipsi
843 2913 923 2978 Suae
946 2912 1107 2996 Majestali
1123 2939 1236 3000 reprae-

132 3019 285 3082 sentaturi
302 3020 407 3082 simus.
432 3021 583 3084 Nicotaus
607 3019 732 3101 dccco,
759 3022 866 3103 Eppus
884 3024 921 3084 lt.
941 3023 1032 3086 Cotti.
1053 3061 1093 3070 -
1113 3030 1236 3090 loannes

132 3126 279 3210 Lemdmtp
297 3129 405 3209 Eppus
422 3130 456 3191 G.
475 3130 562 3193 Cotb.

651 3364 735 3436 625.

132 3495 244 3566 lippus
257 3493 563 3554 Transsllvanlensls
577 3500 663 3555 datls
676 3499 716 3555 ad
741 3500 917 3569 Primatem
943 3500 1133 3577 ilungarlae
1156 3508 1236 3566 literis

132 3585 185 3639 dd.
198 3586 224 3639 1.
237 3584 344 3641 Martii
357 3587 442 3642 1841.
457 3589 597 3644 rationes
611 3589 715 3645 adfert
729 3630 737 3653 ‚
762 3591 803 3646 ob
818 3607 896 3661 quas
919 3609 1038 3652 novam
1059 3601 1148 3655 circa
1161 3600 1234 3654 matr.

132 3675 234 3730 mixta
260 3675 464 3746 disciplinam
487 3694 505 3732 a
528 3679 734 3734 Praesulibus
760 3680 944 3751 llungariae
975 3670 1167 3758 adoptatam
1187 3701 1236 3741 ase

360 3766 499 3823 nondum
513 3771 675 3842 acceptari
690 3772 834 3841 poluisse
850 3776 1023 3831 censuerit.

221 3878 399 3942 Celsissime
426 3889 485 3943 otc.
504 3880 662 3947 Graliosas
685 3882 885 3949 celsitudinis
903 3887 1043 3952 Vestrae
1062 3891 1186 3964 literas,
1214 3894 1234 3952 in

33 4028 36 4034 -
133 3987 241 4069 quibus
267 4006 314 4048 me
340 4007 516 4068 provocare
542 3992 712 4073 dignatur,
737 4000 769 4053 ut
789 3993 1037 4060 declarationem
1068 4021 1178 4063 meam:
1205 4018 1234 4059 an

131 4101 162 4154 ct
177 4097 208 4156 in
226 4100 371 4176 quantum
397 4097 509 4158 nitatur
528 4101 657 4161 veritate
674 4100 724 4162 illa
741 4098 770 4159 in
788 4101 971 4182 hungaricis
998 4107 1135 4186 pagellis
1152 4105 1235 4169 Pesti·

133 4198 258 4261 ensibus
285 4199 413 4281 vulgata
441 4204 614 4284 expositio,
643 4205 724 4286 quod
750 4223 810 4287 ego
838 4209 907 4269 nob.
928 4207 1064 4293 Georgii
1083 4211 1234 4277 llcmaironi

132 4303 219 4366 Helu.
246 4306 332 4369 Conl.
360 4309 494 4388 addicti,
512 4318 542 4372 m
560 4312 744 4376 comitissae
761 4313 897 4378 Eulaliae
916 4307 1022 4400 Csaly
1036 4319 1074 4382 R.
1093 4321 1123 4383 C.
1141 4321 1232 4383 matri·

132 4412 234 4484 monio
261 4412 452 4489 adstiterun,
480 4417 617 4500 illudque
644 4420 888 4484 benedixerim?
914 4426 984 4503 quis
1012 4428 1088 4491 item
1113 4434 1148 4492 sit
1164 4422 1234 4490 modo
