2798 4852
416 271 738 344 ·-507-

61 471 163 536 satur,
181 479 369 526 concessum
387 481 479 542 esse;
505 480 566 546 quo
593 483 633 529 ex
658 466 808 531 incidenti
834 470 968 533 candide
996 471 1189 548 confitemur,
1285 454 1291 464 ’

60 571 227 661 Primatum
245 569 346 653 Regni
362 571 475 635 fiducia
492 588 548 653 per
564 573 761 638 Maiestatem
778 575 871 640 Vram
887 577 920 640 in
933 593 971 640 eo
989 575 1090 643 locata
1107 580 1189 643 abu-

60 695 134 742 sum
152 692 236 752 esse,
253 695 322 740 cum
341 678 370 740 ei
386 696 445 760 qua
463 675 638 760 Dignitario
656 676 818 742 Ecclesiae
835 681 963 763 ignotae
982 699 1054 745 esse
1071 687 1186 766 nequi-

59 781 169 846 verint
185 781 278 864 leges
294 784 416 864 patriae
433 784 672 867 religionariae,
688 793 781 867 prout
797 795 830 851 et
845 786 886 861 id,
905 788 986 868 quod
999 788 1103 852 Breve
1114 788 1188 855 Pla·

61 898 137 954 ceto
153 888 329 953 Maiestatis
356 890 439 954 Vrae
465 893 616 955 munitum
633 894 664 955 in
680 892 770 975 leges
789 893 928 958 offendat
938 915 948 971 ς
983 900 1130 958 ettamen
1148 915 1188 961 eo

61 1014 131 1061 non
149 996 300 1060 obstante
318 1013 381 1061 non
407 1004 524 1063 tantum
551 997 653 1061 Breve
670 999 862 1064 Pontificium
887 1003 918 1064 in
946 1008 1013 1065 toto
1030 1019 1088 1073 suo
1105 1020 1191 1065 com·

59 1101 164 1186 plexu
179 1102 399 1186 promulgavit,
417 1122 527 1168 verum
544 1105 637 1168 etiam
654 1107 744 1170 novis
761 1106 935 1189 Bncpclicis
960 1108 1060 1172 literis
1085 1106 1117 1171 id
1134 1127 1191 1171 ac·
1237 1097 1241 1110 ’

27 1290 32 1305 Ι
59 1216 173 1272 curate
190 1210 354 1274 observari
372 1211 532 1293 disposuit.
558 1213 653 1276 Parte
670 1231 711 1275 ex
721 1213 820 1279 altera
830 1216 957 1279 interim
975 1216 1188 1298 negarehuud

56 1334 248 1401 possumus,
278 1311 336 1400 per
352 1318 526 1381 Maiestatis
543 1319 631 1383 Vnae
648 1320 806 1384 Placelum
833 1321 908 1386 licet
933 1323 990 1386 sub
1010 1322 1189 1388 conditione

58 1431 94 1489 et
110 1423 233 1488 cautela
250 1423 366 1498 datum,
384 1428 789 1511 transgressionemlegurn
801 1447 817 1490 a
828 1429 981 1511 Proelatis
992 1429 1190 1492 commissam

60 1531 294 1614 quadamtenus
311 1533 491 1596 roboratam
510 1551 602 1607 esse,
629 1552 665 1597 ac
682 1534 816 1617 proinde
834 1538 933 1617 ipsum
949 1535 1107 1599 Placetum
1124 1535 1189 1617 legi

56 1638 118 1704 26:
138 1634 260 1717 tuom.
277 1637 448 1701 adversari.

152 1743 248 1827 Legis
264 1746 458 1824 praecitatae
469 1761 583 1827 scopus
596 1754 683 1808 erat:
699 1757 881 1831 perpetuam
898 1751 982 1814 inter
995 1750 1189 1813 diversarum

57 1840 251 1933 religionum
269 1851 409 1915 asseclas
427 1852 639 1925 harmoniam,
671 1874 800 1936 pacem,
835 1864 867 1918 et
892 1863 1025 1920 mutuam
1042 1856 1188 1921 fiduciam

58 1957 214 2032 stabilire,
226 1958 419 2039 eandemque
430 1977 486 2040 pro
497 1960 580 2023 bono
591 1963 746 2025 communi
756 1962 878 2041 patriae
890 1979 1094 2025 conservare.
1108 1959 1188 2023 Huic

51 2067 137 2147 paci
160 2073 191 2127 et
207 2065 342 2128 induciae
360 2065 470 2129 Clerus
497 2066 675 2130 catholicus
694 2068 808 2131 bellum
824 2069 942 2145 indixit,
961 2071 1120 2133 animosae
1138 2066 1189 2131 di-

71 2170 288 2253 sceptationes
306 2180 478 2255 augentur,
490 2176 528 2236 *et
544 2192 585 2235 ex
602 2176 689 2237 oecis
706 2175 908 2247 Comitatuunt
925 2176 957 2238 in
973 2191 1080 2238 omnes
1090 2173 1192 2256 Regni

60 2286 173 2360 partes
190 2278 424 2358 diffunduntur,
456 2284 516 2342 imo
532 2298 590 2361 per
608 2282 815 2345 scandalosos
832 2281 1050 2346 nonnullorum
1077 2299 1189 2344 sacro·

61 2402 133 2450 rum
151 2386 318 2450 Curionum
335 2403 501 2450 sermones
520 2407 560 2451 ex
578 2389 877 2454 ambonerecitatos
894 2407 957 2453 non
975 2406 1083 2471 parurn
1095 2386 1190 2451 exul-

37 2541 45 2559 .
62 2497 198 2557 ceratae
210 2501 293 2557 sunt.
318 2496 456 2576 Pugnam
472 2495 552 2558 hanc
569 2498 694 2570 sistere,
712 2514 822 2578 pacem
838 2480 1003 2575 revehere,
1031 2504 1063 2560 et
1080 2494 1187 2560 laesae
1242 2505 1248 2517 “

62 2600 148 2683 legis
165 2604 384 2664 auctoritatem
395 2604 575 2679 restituere,
587 2600 625 2664 ad
642 2606 830 2684 praecipuas
842 2602 988 2685 Corporis
1004 2600 1190 2684 Legislativi

62 2707 275 2789 obligationes
294 2710 455 2790 pertinere
482 2709 650 2774 credimus.
675 2708 798 2792 Idcirco
824 2728 975 2793 rogamus
993 2709 1188 2775 Maiestatem

62 2815 172 2890 Vram,
190 2822 224 2876 ut
240 2813 425 2896 Encyclicas
443 2814 622 2878 Praesulum
638 2817 831 2897 reprobare,
850 2823 881 2879 et
897 2816 1057 2880 annullare
1067 2837 1076 2894 ;
1108 2794 1193 2878 Pro-¹

66 2939 179 2997 cessus
196 2919 398 2985 fundamento
416 2928 476 2985 art.
496 2921 556 2984 14:
577 2921 673 2987 1647.
692 2927 861 2989 suscitatos
884 2941 981 3006 scopo
998 2922 1189 2995 continuati-

65 3031 138 3094 onis
155 3026 355 3092 Comitatibus
372 3029 553 3105 remittere3
580 3029 738 3092 Placetum
754 3028 846 3091 Brevi
863 3031 1024 3094 Pontificio
1041 3031 1190 3109 superad-

64 3135 161 3198 ditum
177 3142 375 3211 retraetare;
400 3132 524 3197 illerum
550 3134 741 3198 Catholicum
769 3136 806 3197 ad
824 3136 997 3198 servandus
1012 3135 1103 3217 leges
1120 3136 1186 3199 esil-

48 3242 195 3320 ⁸oucibus
212 3241 321 3305 mediis
338 3240 496 3324 stringere
506 3264 515 3319 3
540 3243 572 3304 in
589 3240 726 3305 futurum
744 3249 858 3321 aulem,
875 3241 1026 3323 siquidem
1037 3249 1189 3306 consueta

65 3347 208 3411 clausula
234 3347 349 3411 Placeti
376 3348 572 3411 insufficiens
598 3356 747 3430 appareat
773 3349 811 3411 ad
828 3349 919 3430 leges
944 3349 1061 3429 patrias
1077 3354 1188 3411 contra

64 3454 240 3525 laesionem
255 3455 410 3519 Bullarum
427 3455 655 3519 Pontifioiarum
673 3455 898 3531 defendendas,
916 3456 1078 3538 quibusvis
1094 3455 1188 3518 Bullis

66 3569 121 3627 aut
137 3560 301 3641 Brevibus,
318 3581 398 3644 quae
416 3582 484 3626 cum
495 3563 615 3644 legibus
626 3564 727 3645 Regni
744 3582 931 3645 quocunque
950 3571 1101 3657 respectu
1126 3581 1188 3643 pu-

66 3687 170 3754 gnare
202 3670 446 3752 dignoscuntur,
479 3661 637 3733 Placetivm
664 3670 965 3752 denegare‚Bullas
998 3671 1134 3753 denique
1153 3689 1189 3733 ac

65 3777 179 3841 Brevia
198 3777 325 3840 Placete
351 3777 518 3840 munienda
545 3794 671 3860 semper
688 3775 827 3841 Staiibus
853 3786 884 3841 et
900 3775 1071 3841 Ordinibus
1087 3777 1191 3859 Regni

39 3939 42 3946 .
67 3883 244 3949 dioetaliter
261 3885 468 3967 congregatis
486 3884 627 3948 exbiberi
642 3883 749 3947 lacere
766 3884 927 3967 dignetur.

160 3992 350 4072 Quamquam
362 3999 463 4054 autem
476 3992 609 4055 credere
625 3992 728 4063 liceat,
747 4009 804 4071 per
818 3991 897 4054 haec
915 3990 1190 4054 exacerbationem

48 4081 50 4085 ’
67 4101 99 4163 in
116 4098 227 4180 Regno
245 4105 369 4162 enatam
387 4105 591 4173 cessaturam,
605 4098 759 4162 turbatam
775 4115 871 4178 porro
888 4115 996 4178 pacem
1013 4102 1189 4170 revectum,

69 4211 101 4268 ct
117 4205 176 4285 ipsi
191 4202 257 4284 legi
274 4202 381 4266 laesae
393 4221 565 4286 congruam
582 4204 832 4267 satisfactionem
848 4205 1020 4282 impensum
1036 4201 1074 4264 iri
1088 4224 1094 4264 :
1107 4220 1188 4266 non·

68 4308 143 4372 dum
159 4317 264 4374 tamen
281 4309 371 4393 plene
397 4310 520 4373 sublata
546 4311 639 4375 erunt
666 4312 767 4372 omnia
785 4311 911 4373 sinislra
928 4315 1064 4390 negatae
1081 4311 1191 4372 matri-

69 4417 245 4482 moniorum
263 4417 674 4492 mixtorumbenedictionis
698 4418 908 4482 consectaria.
934 4418 1011 4482 Sunt
1029 4414 1110 4479 enim
1128 4414 1191 4477 Co·
1295 4423 1300 4433 ’
