2798 4852
508 255 757 331 ..169-

64 452 228 524 (iianbens
253 472 293 516 an
325 453 433 515 seiner
456 450 573 516 Kirche
598 450 791 522 verrathen,
817 449 891 514 dass
917 469 991 516 man
1019 451 1193 515 denselben

68 577 148 629 aum
166 558 341 643 Empfange
369 558 427 625 der
452 557 648 623 kirchlichan
675 556 871 642 Segnnngen
892 559 954 623 und
971 556 1028 622 der
1043 546 1193 622 Gnaden'-
1255 600 1259 607 -
1287 622 1290 628 ,
1322 588 1325 595 ·

71 665 171 732 mittei
185 654 231 727 als
249 666 390 748 gehdrig
407 665 563 748 disponirt
581 665 667 728 nicht
683 661 792 725 munde
811 665 950 728 ansehen
967 661 1104 729 kdnnen.
1122 664 1193 733 Hii-
1233 708 1236 717 -
1263 733 1266 737 ,

78 773 232 847 deshdm,
251 771 312 834 den
329 771 360 833 4.
379 772 493 837 Octob.
514 770 610 834 1838.
628 771 730 834 Franz
747 769 944 845 Ferdinand‚
965 768 1102 836 Bischoi.

519 958 650 968 ..ῳ-...-

356 1131 405 1218 d)
420 1082 662 1204 'tronumeu'aa
680 1131 908 1204 Americunu.

583 1307 672 1380 480.

10 1528 12 1535 y
97 1456 243 1520 decretum
255 1461 378 1536 synodi
391 1462 501 1519 ltioec.
516 1464 549 1519 S.
562 1460 719 1518 Lndoviei
733 1463 765 1518 in
778 1463 928 1521 Amantes
941 1465 1030 1534 Sept.
1044 1462 1084 1519 de
1098 1464 1192 1519 matr.

10 1543 21 1590 ἶ
177 1564 179 1569 ·
494 1553 617 1609 mixtis.
631 1566 661 1607 a.
676 1552 770 1609 1839.
1039 1555 1043 1563 “

10 1683 23 1785 Ἰ
65 1774 69 1781 ,
113 1694 117 1699 ’
164 1702 198 1764 N.
217 1701 268 1764 14.
295 1700 404 1774 Quoad
422 1709 511 1765 matr.
539 1703 636 1765 nrixta
653 1702 851 1765 meminerint
878 1700 1085 1772 sacerdotes,
1112 1681 1209 1782 vpro-¹
1247 1684 1250 1689 ¹

10 1790 23 1855 ἶ
102 1804 272 1873 clamationes
298 1808 460 1872 faciendas
485 1827 548 1872 non
573 1827 664 1883 esse,
689 1811 769 1873 ritus
795 1814 826 1872 et
846 1825 959 1890 preces
976 1810 1191 1892 praescriptas

101 1927 144 1981 ton
157 1934 223 1979 esse
239 1915 440 1987 adhibendas,
457 1933 517 1978 nec
535 1915 768 1998 superpelliceo
785 1934 844 1978 nec
861 1916 940 1978 stota
957 1913 1117 1987 utendum,
1135 1912 1192 1976 sed

10 2074 14 2116 ,²
59 2070 62 2075 .
102 2017 244 2121 itiusmodi
271 2025 464 2087 matrimonia
489 2022 558 2088 sola
583 2026 768 2106 receptione
794 2025 891 2088 mutui
917 2040 1092 2087 consensus
1118 2038 1195 2085 esse·

104 2128 272 2195 celebranda.
1137 2144 1140 2149 ·
1188 2124 1191 2131 ’

585 2295 675 2374 481.
761 2352 765 2359 .

195 2465 369 2523 Decretum
382 2466 482 2523 Gerre.
496 2466 591 2524 Prnv.
604 2466 849 2526 Baltimorcnsis
866 2467 921 2525 lV.
935 2481 963 2523 a.
977 2465 1067 2522 1840.

103 2680 111 2709 ι
162 2610 183 2676 i.
211 2613 436 2680 Sacerdotibus
461 2617 605 2680 omnibns
630 2616 721 2681 huius
746 2617 932 2681 Provinciae
957 2618 988 2680 in
1013 2616 1210 2687 memoriam·
1268 2624 1272 2635 ’
1343 2656 1347 2663 -

80 2726 278 2799 ,maneamus
295 2724 430 2804 antiqua
455 2721 620 2786 Ecclesiae
646 2722 740 2804 iege,
766 2739 856 2805 quam
879 2721 932 2787 SS.
948 2721 1114 2789 Pontifices
1131 2739 1193 2785 non
1248 2738 1251 2743 ·
1332 2717 1339 2731 ⁸

51 2836 61 2865 t
98 2814 431 2905 micronianum,
449 2831 551 2893 vetari
569 2832 765 2895 matrimonia
781 2830 1010 2895 catholicorum
1026 2849 1096 2895 cum
1113 2848 1193 2892 aca—
1276 2912 1279 2917 Ι

46 2940 57 2979 ·.
98 2923 216 3010 deicis,
233 2955 302 3001 cum
319 2939 470 3000 sanctitas
488 2941 678 3001 sacramenti
694 2938 848 3019 postulet,
873 2946 907 3001 ut
933 2946 1066 3020 uterque
1081 2936 1144 3000 fide
1161 2945 1195 3002 et

96 3027 147 3097 aliia
158 3044 249 3106 animi
267 3042 526 3125 dispositionibus
544 3045 668 3126 gratiae
685 3048 871 3109 sacramenti
888 3045 1107 3125 suscipiendae
1119 3045 1192 3108 ido-

34 3140 57 3207 .’
92 3149 153 3206 ¹¹⁸11⁸
168 3151 232 3225 sit,
258 3158 290 3213 et
305 3151 394 3234 plura
411 3154 584 3233 graviaque
600 3153 797 3215 incommoda
814 3159 844 3215 ct
861 3151 940 3215 mala
958 3171 1001 3215 ex
1016 3152 1194 3217 huiusmodi
1294 3152 1315 3171 ²

89 3255 237 3321 manubiis
262 3276 358 3340 saepe
394 3264 586 3340 sequantur,
613 3276 725 3341 nempe
752 3259 910 3323 discordia
941 3259 1134 3330 domestica,
1161 3267 1195 3321 et
1302 3302 1307 3313 =

83 3352 246 3428 ‘thelicae
271 3369 369 3446 partis
395 3373 427 3427 et
453 3366 553 3449 proiis
574 3368 749 3442 perversio.
775 3365 894 3440 Quodsi
918 3384 1024 3429 rerum
1051 3363 1195 3431 adiuncta
1315 3414 1318 3420 .

15 3516 19 3523 ·
77 3447 239 3541 ²¹¹‘pu2nd0
264 3472 420 3537 suadeant
446 3493 483 3536 ea
509 3490 583 3537 esse
606 3473 834 3551 permittenda,
863 3475 1002 3556 inprimis
1019 3473 1194 3539 curandum
1253 3556 1256 3563 Ι
1290 3516 1293 3523 -
1332 3476 1335 3485 ’

70 3559 145 3646 ‘'ff-s
173 3587 211 3643 ut
227 3581 442 3643 conscientiae
467 3582 631 3644 securitati
649 3589 681 3645 et
702 3583 802 3646 libero
819 3583 985 3667 religionis
1002 3584 1157 3647 exercitio
1175 3601 1193 3644 a
1213 3594 1218 3603 ’

63 3669 227 3750 ⁰⁰‘hotica
251 3695 342 3770 parte
369 3689 573 3761 consulatur,
600 3692 682 3753 sicut
699 3696 731 3753 et
748 3692 847 3772 prolis
865 3693 1028 3773 utriusque
1045 3708 1142 3753 sexus
1158 3692 1191 3753 in
1214 3742 1234 3749 ,.
1255 3714 1275 3755 ,·
1310 3682 1313 3690 “
1354 3670 1358 3707 ³

57 3759 117 3865 fide
158 3795 240 3858 cath.
270 3794 447 3859 educationi
474 3797 604 3861 solemni
631 3816 737 3862 coram
762 3799 829 3863 Deo
854 3801 1064 3880 promissione
1089 3794 1129 3860 iis
1154 3795 1194 3859 de

54 3877 171 3963 rebus
194 3904 325 3977 emissa,
352 3922 449 3967 secus
476 3906 653 3969 mullatenus
670 3907 778 3970 licebit
795 3899 955 3971 sacerdoti
971 3908 1009 3968 iis
1027 3904 1196 3971 connubiis
1255 3984 1258 3993 Ι
1290 3904 1296 3925 “
1319 3914 1358 3957 “-’

51 3977 207 4073 adslare.
231 4009 430 4075 Meminenint
449 4014 579 4093 insuper
604 4015 808 4087 sacerdotes,
835 4015 976 4096 pluribus
994 4011 1045 4078 SS.
1064 3994 1222 4078 Partim
1268 4094 1272 4102 Ι

45 4100 141 4168 ’ωῑῐῑ
164 4113 297 4181 decretis
313 4122 432 4196 vet-ari,
451 4140 492 4183 ne
508 4121 589 4184 ullus
603 4140 699 4187 sacer
713 4123 794 4186 ritus
811 4121 882 4194 siat,
909 4121 962 4185 uel
988 4120 1085 4184 vestis
1102 4120 1195 4183 'sacra
1212 4145 1214 4148 >

52 4192 279 4310 ithacesiae,
313 4224 385 4287 dum
419 4226 553 4291 foedera
578 4228 754 4293 huiusmodi
775 4230 957 4304 ineuntur‚·
978 4247 1059 4311 quae
1092 4242 1198 4309 neque
1225 4204 1229 4221 ¹
1313 4244 1316 4253 ·

53 4313 161 4385 'Mra
173 4327 343 4397 Ecclesiam
361 4334 495 4398 ineunda
513 4344 595 4400 sunt.
1249 4312 1251 4317 ¹

529 4482 739 4496 -n—h-n--n-u
