2798 4852
607 250 836 337 -521-

159 452 192 520 in
212 432 439 519 matrimonium
457 453 584 518 mixtum
602 436 864 520 cortsentientenn
884 451 1051 519 Doctrinae
1077 455 1191 539 quippe
1210 452 1281 519 lldel

159 561 341 629 Catholicae
359 560 521 625 conforme
538 569 604 639 est,
632 562 712 644 qood
730 563 760 626 in
777 559 953 647 Encpclicis
971 563 1090 626 nostris
1108 542 1291 633 constitui,

160 678 231 747 tur,
252 673 285 733 ut
302 669 444 732 nimirum
461 685 577 750 sponsa
596 667 747 733 catholica
764 686 821 753 per
837 667 1004 751 parochnm
1022 688 1112 735 suurn
1128 668 1279 733 reflecta—
1348 724 1352 731 .

160 785 231 849 tur,
259 779 354 857 ipsam
380 779 567 861 gravissime
592 777 620 839 in
637 776 735 859 legem
762 778 894 841 divinam
921 796 1020 860 aeque
1048 796 1084 840 ac
1103 776 1278 842 naturalem
1355 800 1360 805 ·

160 890 381 967 peccaturam,
401 888 426 948 si
445 887 547 947 inierit
565 884 808 962 matrimonium,
825 885 855 946 in
873 902 933 965 quo
951 892 980 949 et
996 893 1130 949 suamet
1148 884 1281 966 prolium

147 994 334 1057 ¹suturarum
361 991 453 1055 tidem
478 993 619 1076 periculo
645 1001 761 1057 temere
788 996 959 1057 committit.
993 994 1023 1058 Si
1040 994 1118 1058 lraec
1145 1010 1282 1077 sponsae

161 1099 336 1165 catholicae
363 1101 468 1165 dicere
494 1102 673 1165 nonlicet:
706 1110 806 1165 actum
834 1105 893 1165 erit
911 1102 948 1165 da
971 1100 1114 1166 libertate
1133 1100 1279 1175 docendi,

159 1215 265 1272 actum
290 1207 329 1272 de
355 1208 454 1272 lihero
480 1208 652 1290 Religionis
669 1206 848 1273 Catholicae
867 1210 1039 1279 exercitio,
1068 1208 1277 1291 Ecclesiaque

158 1315 320 1380 Catholicn
338 1319 367 1379 iu
385 1316 587 1400 proponenda
605 1314 718 1380 Christi
737 1315 877 1380 electrina
895 1318 1045 1400 impedita
1064 1319 1190 1381 existet.
1216 1315 1281 1379 lm-

160 1423 371 1506 pedimentum
389 1423 563 1489 huiusmodi
582 1424 744 1489 Ecclesiae
762 1425 937 1491 Catholicae
954 1445 993 1489 ne
1006 1428 1036 1489 ln
1048 1425 1196 1489 Bornssia
1214 1400 1285 1507 quis

159 1530 230 1595 dem
248 1534 383 1615 positum
400 1530 474 1595 luit:
503 1533 555 1598 ubi
571 1532 644 1597 licet
659 1539 823 1615 punctum,
841 1534 879 1596 de
896 1531 959 1615 quo'
975 1535 1099 1617 agitur,
1126 1534 1283 1615 longioris

160 1638 368 1729 discussionis
399 1640 553 1705 obiectum
589 1644 805 1716 constituerit,
837 1643 976 1724 nuspiam
1002 1651 1108 1706 tomen
1135 1647 1282 1724 negatum
1349 1704 1353 1715 ,

161 1755 213 1812 cst
237 1749 377 1831 parocho
406 1749 563 1813 catholico
600 1751 669 1821 ius,
703 1765 849 1831 sponsam
883 1748 1070 1814 catholicam
1102 1748 1139 1811 ad
1173 1754 1282 1832 partes

114 1908 134 1923 ..
161 1858 290 1921 strictae
307 1854 507 1940 obligationis
524 1875 599 1921 suae
616 1856 789 1941 implendas
800 1859 885 1919 serio
902 1863 933 1920 et
949 1860 1090 1941 graviter
1107 1856 1281 1921 admoneu-
1340 1856 1346 1863 '

163 1963 206 2028 di.
230 1960 375 2031 Ecclesia
403 1983 513 2046 nempe
539 1965 698 2029 Catholica
717 1963 746 2026 id
764 1963 822 2027 sihi
839 1967 995 2046 proprium
1013 1965 1124 2037 hahet,
1153 1964 1283 2047 quadiu

161 2073 356 2136 reatrimonio
373 2090 433 2137 non
459 2090 577 2136 merum
604 2072 724 2136 civilem
750 2079 943 2137 contractum
969 2074 1145 2150 suspiciat,
1163 2071 1203 2134 de
1221 2088 1284 2152 quo

162 2182 257 2243 unice
272 2180 361 2264 leges
379 2180 485 2244 civiles
510 2181 696 2261 disponunt,
723 2177 895 2261 sed'supra
912 2176 1039 2244 terrena
1057 2180 1182 2243 elevata
1198 2179 1284 2241 t'ntu-
1386 2170 1390 2179 '

113 2306 126 2373 j
163 2306 231 2351 ram
248 2305 372 2369 quoque
390 2304 579 2371 sponsorum
590 2288 771 2352 felicitatem
783 2307 856 2371 prae
869 2287 968 2352 naulis
984 2288 1110 2362 haheat,
1127 2288 1285 2368 huiusque
1365 2352 1368 2357 ,

122 2406 126 2413 ·
163 2398 391 2481 promotionem
423 2399 544 2462 cunetis
576 2400 641 2461 suis
674 2398 949 2461 constitutionibus
976 2403 1007 2461 et
1039 2394 1285 2483 ordinationibus

119 2524 122 2529 ·
163 2503 330 2591 circa-rem
348 2504 606 2569 matrimonialem
623 2503 754 2589 perlatis
772 2505 869 2568 instar
885 2505 955 2569 linis
971 2505 1133 2589 praefigat.

254 2608 301 2673 ild
318 2629 406 2676 osum
423 2611 475 2677 50.
493 2630 641 2677 annorum
658 2613 751 2678 toties
767 2612 931 2695 allegatum
951 2613 1033 2696 qood
1053 2612 1184 2676 attinet:
1216 2612 1286 2675 anl-

164 2720 367 2785 madvertere
384 2721 498 2796 debeo,
516 2738 584 2794 nos,
603 2728 769 2804 antequam
784 2720 966 2805 Encyclicas
984 2722 1220 2792 dimitteremus,
1237 2715 1289 2783 diu
1317 2798 1320 2803 Ι
1375 2768 1378 2777 .

164 2828 359 2912 inultumque
377 2847 473 2912 super
491 2847 528 2893 eo
541 2829 734 2894 deliberasse
752 2838 782 2892 et
795 2838 1017 2895 concertasse:
1039 2848 1076 2893 an
1088 2829 1182 2893 ohiici
1197 2828 1288 2890 nubis
1368 2828 1371 2835 '

165 2941 284 3022 possit,
309 2938 493 3023 Encpcllcas
519 2944 661 3009 nostras,
689 2957 747 3003 seu
763 2939 868 3021 potius
887 2938 1108 3022 dispositiones
1125 2937 1190 3001 illic
1208 2953 1288 3023 con-

166 3052 272 3111 tentas
289 3044 352 3130 legi
378 3046 584 3129 repugnare?
610 3045 647 3107 Et
664 3044 784 3119 fateor,
802 3064 859 3108 nos
878 3046 1003 3109 multum
1020 3044 1168 3127 praesidii
1189 3043 1290 3107 collo»
1365 3034 1382 3095 Γ

166 3134 259 3218 casse
279 3153 307 3214 in
324 3156 362 3217 lis
377 3150 458 3237 legis
474 3134 598 3217 verbis:
623 3160 678 3227 „ut
694 3153 876 3237 Evangelici
894 3154 1054 3234 utriusque
1073 3144 1296 3217 Conlcssionis¹
1312 3216 1316 3225 ,
1334 3206 1355 3225 ,.
1385 3156 1388 3163 ’

131 3260 145 3329 ’.
165 3267 198 3328 in
214 3262 272 3334 iis,
299 3280 378 3344 qnae
396 3261 434 3324 ad
458 3255 643 3343 religionem
669 3262 848 3343 pertinent,
873 3263 964 3325 unica
992 3278 1102 3325 asnaa
1126 3258 1307 3341 religionis·
1346 3336 1351 3347 Ι
1390 3266 1395 3273 “

127 3450 132 3457 ¹
167 3372 383 3473 superidrihus
401 3366 632 3451 deponde'ant‘·;
658 3369 751 3451 idque
769 3389 807 3435 eo
825 3371 943 3452 magis,
963 3387 1023 3452 quo
1041 3369 1162 3452 pluries
1180 3365 1289 3429 eadem
1358 3358 1362 3367 '
1392 3398 1398 3409 -

167 3482 199 3543 in
215 3479 287 3560 lege
304 3477 504 3545 enunciatum
522 3477 803 3557 deprehendimus:
827 3479 977 3560 principia
995 3475 1161 3560 religionis
1179 3476 1290 3555 cuique
1339 3506 1353 3553 ‘.
1370 3480 1390 3521 ’-

120 3568 125 3577 ¹
166 3570 247 3671 parti
264 3586 352 3650 salva
369 3593 401 3649 et
417 3589 533 3650 intacta
550 3603 678 3649 munere
701 3583 837 3665 dehere;
863 3584 1029 3668 signanter
1047 3583 1116 3648 dum
1133 3584 1171 3647 de
1190 3584 1288 3646 scho-

111 3760 117 3773 ,
167 3695 266 3759 larum
284 3693 537 3779 evangelicarum
554 3691 794 3756 coordinatione
811 3694 933 3775 agitur,
953 3692 1071 3756 diserte
1090 3692 1291 3769 enunciatur:
1375 3736 1379 3743 .

124 3789 129 3796 ’
168 3803 232 3883 „de
260 3803 391 3866 obiectis
416 3801 602 3885 religionis,
631 3819 715 3882 quae
733 3802 899 3882 unicuique
916 3800 1063 3883 religioni
1080 3801 1203 3881 propria
1221 3814 1293 3862 esse

115 3938 120 3947 ·
169 3910 317 3975 dehent.“
331 3911 404 3977 ,Sub
432 3911 567 3973 decursu
590 3912 802 3990 praesentium
824 3908 1084 3973 consultationum
1100 3927 1171 3972 cum
1191 3907 1294 3979 admi·
1357 3923 1362 3931 ·
1393 3970 1396 3977 ,

117 4006 134 4047 ·’
168 4021 291 4084 ratione
308 4038 356 4080 mo
373 4017 497 4081 audisse
515 4016 666 4082 confiteor
683 4018 902 4082 nonnullorum
922 4018 1160 4082 enunciationcs
1177 4036 1249 4079 eum
1264 4016 1295 4077 in
1356 4086 1359 4091 ,
1381 4032 1384 4037 ·

118 4140 124 4155 “
150 4194 157 4211 1,
169 4146 298 4192 sensum
324 4127 443 4205 lactas,
475 4128 526 4208 qui
553 4126 675 4210 spiritui
700 4125 782 4208 legis
809 4128 908 4190 minus
936 4124 1094 4191 convenit.
1139 4121 1312 4204 Quidquid·¹

130 4242 140 4307 ,“
168 4220 297 4317 interim
324 4234 377 4298 liat
390 4284 403 4308 ,,
424 4253 481 4298 nos
499 4233 651 4299 Catholici
668 4252 736 4298 cum
753 4236 910 4298 eratione
936 4235 1069 4298 divinae·
1091 4233 1294 4295 institutionis
1306 4228 1331 4279 -’
1388 4242 1391 4247 ’

134 4420 138 4427 ,
167 4344 353 4420 Ecclesiae,
377 4351 440 4406 tum
468 4348 648 4423 crespectn
673 4343 937 4407 constitutionalis
955 4343 1141 4405 existentiae
1167 4344 1296 4403 nostrae'

125 4516 129 4523 .
156 4436 284 4538 merito
311 4459 533 4541 expectamus,
559 4457 611 4528 ut,
638 4448 721 4536 quod
737 4453 770 4515 in
786 4450 861 4537 lege
879 4450 922 4514 de·
936 4450 1116 4515 autonomia
1132 4446 1296 4531 Ecclesiae
1315 4482 1318 4487 ·
1382 4442 1389 4455 '
