2798 4852
516 263 762 366 456⁷..-

68 485 259 566 religionum
286 485 425 549 asseclas
457 485 647 549 distribuere
680 488 793 549 iustum
828 493 935 562 esset;
969 504 1036 548 eam
1060 483 1194 568 denique

70 593 270 657 intellexisse
293 593 486 672 libertatem,
521 602 552 657 ut
578 595 741 674 signanter
758 596 852 658 mixta
878 596 969 658 etiam
997 593 1192 658 matrimonia

70 701 256 784 llegnioolis
282 701 382 774 inire,
407 709 439 764 et
463 701 568 781 proles
594 702 708 764 exinde
737 703 950 783 suscipiendas
972 703 1056 766 iuxta
1083 717 1190 764 sexum

29 850 36 858 -
65 808 210 873 educare
237 807 351 871 licitum
380 809 429 870 sit.
463 808 547 871 Ultra
574 808 650 871 haec
676 808 894 888 aequalitatem
912 810 1022 872 iuriam
1041 810 1120 871 inter
1138 825 1189 870 re·

10 946 33 987 ,·
70 922 180 998 ceptas
210 915 384 998 religiones
413 915 586 980 extendere
612 916 797 979 tantumdem
825 922 934 979 nostro
960 913 1192 991 iudiciorum,

62 1032 108 1085 'ac
133 1021 334 1094 desiderare,
368 1031 400 1086 ut
427 1032 492 1086 tres
518 1022 686 1086 distinctae
711 1023 859 1086 Nationes
885 1024 974 1085 huius
999 1021 1192 1101 Principatus

68 1137 200 1210 propter
226 1132 443 1209 aequalitatem
478 1133 605 1205 iunium,
638 1131 888 1194 constitutionem
923 1149 1010 1192 suam
1042 1129 1218 1191 deserere
1266 1138 1268 1143 “
1301 1128 1303 1133 “
1338 1160 1342 1169 1

33 1234 40 1240 ’
66 1235 210 1307 valeant,
245 1243 276 1298 et
301 1253 360 1298 una
378 1237 507 1299 alterius
525 1243 637 1298 statuta
655 1244 820 1319 acceptare
838 1244 989 1298 teneatur.

157 1447 205 1510 Ad
231 1447 279 1510 lV.
307 1449 353 1512 An
376 1453 530 1531 princeps
565 1452 677 1514 laedent
709 1455 758 1513 ius
784 1452 1005 1515 desolationes
1031 1453 1065 1512 in
1091 1451 1189 1514 rebus
1242 1516 1247 1528 ¹

65 1557 242 1636 stettqtooo
257 1559 370 1620 ederedo·
379 1559 396 1619 P
420 1557 531 1620 Facilis
549 1565 598 1620 est
615 1558 654 1619 ad
672 1559 750 1622 hune
767 1559 981 1639 quaestione-m
999 1556 1185 1638 responsio:

64 1681 137 1726 nam
153 1664 233 1743 apud
252 1681 360 1726 omnes
378 1665 482 1727 Civilis
507 1673 537 1726 et
555 1665 767 1728 Ecclesiastioi
784 1665 867 1729 luris
885 1667 1039 1730 Doctores
1058 1667 1090 1727 in
1108 1681 1188 1728 oon-

64 1771 152 1834 lesso
179 1777 246 1844 est,
278 1772 450 1852 Principem
478 1773 644 1851 quemlibet
669 1776 699 1835 vi
724 1773 836 1836 iuriam
853 1790 980 1836 suorum
1007 1771 1184 1855 majestati-

64 1878 419 1958 corumllesolutiones
455 1887 484 1940 et
512 1879 724 1943 ordinationes
753 1881 790 1942 ad
820 1879 1033 1962 protegendas
1061 1881 1188 1959 quasvis
1258 1890 1261 1895 ·

62 1985 235 2065 religiones
271 1991 300 2048 in
332 1989 491 2050 territorio
520 2003 576 2049 suo
611 1990 787 2049 existentes
818 1986 1000 2067 perferendi
1032 1991 1187 2064 potestate

62 2093 240 2174 praeditum
266 2111 356 2167 esse,
374 2101 466 2176 prout
490 2094 582 2156 etiam
599 2096 666 2157 iure
684 2093 885 2175 impediendi,
905 2096 979 2175 quin
997 2100 1027 2154 et
1043 2091 1186 2154 cassandi
1287 2136 1289 2143 .

61 2198 285 2280 dispositiones
302 2201 534 2264 ecclesiasticas
551 2205 582 2265 in
599 2202 844 2266 destructionem
863 2199 994 2263 socialis
1007 2199 1185 2263 securitatis

61 2307 237 2371 tendentes.
263 2310 447 2388 Principium
472 2311 532 2372 hoc
550 2309 807 2388 quemadmodum
824 2307 877 2373 SS.
895 2307 1009 2371 Literis
1026 2308 1113 2371 llom.
1133 2304 1183 2368 13.

64 2414 227 2508 conforme
239 2409 295 2489 est,
307 2419 349 2478 ita
362 2417 551 2479 abomnibus
563 2413 1185 2480 EcclesiisdiversarumlicetConfessio-

63 2526 338 2603 numegnoscitur.
347 2523 453 2604 ltaque
464 2525 533 2586 iure
543 2524 603 2586 hoc
616 2522 1194 2602 edendiResolutionesreligiouarias'

63 2628 317 2712 Pranssilvaniae
336 2648 458 2710 quoquo
475 2629 768 2713 Prirrcepsgaudet‚
786 2637 872 2695 tanto
891 2632 1009 2710 magis,
1036 2625 1132 2708 quod'
1146 2628 1184 2689 sit
1289 2706 1291 2711 A
1359 2622 1363 2630 '

61 2738 210 2801 Patronus
227 2737 391 2800 Ecclesiae
408 2736 607 2816 Catholicae,
633 2747 664 2802 et
683 2746 776 2821 caput
791 2737 953 2802 Ecclesiae
971 2736 1181 2799 Protestanti-

61 2865 130 2908 cae.
150 2845 260 2927 Neque
277 2863 409 2909 neeesse
426 2854 476 2909 est
493 2850 524 2911 in
541 2848 807 2913 confirmationem
824 2847 901 2910 iuris
917 2846 1006 2907 istius
1025 2843 1183 2906 Canouum

61 2961 94 3015 et
110 2952 194 3015 luris
211 2951 327 3014 Publici
344 2953 456 3035 placita
475 2954 650 3016 adducere:
678 2957 754 3016 satis
780 2958 819 3016 sit
836 2954 873 3015 ad
892 2951 1185 3031 exemplaexerciti

60 3061 140 3122 iuris
167 3059 257 3122 huius
284 3079 300 3120 o
326 3062 426 3141 patria
458 3067 563 3123 nostra
598 3077 776 3123 recurrere.
811 3058 856 3120 Ex
881 3063 985 3118 aetate
1010 3057 1183 3136 Principum
1231 3129 1234 3134 ι

57 3165 295 3231 austriacorum
320 3184 528 3249 provocamus
544 3171 672 3248 primum
698 3167 735 3230 ad
760 3165 898 3246 Diploma
920 3163 1075 3247 leopoldi
1103 3163 1126 3225 l.
1150 3163 1183 3226 in
1256 3177 1263 3185 ·

57 3275 149 3337 caius
166 3281 282 3356 puncto
300 3273 329 3336 3.
348 3276 425 3337 haec
441 3277 659 3339 contineatur:
685 3276 784 3348 „Cum
811 3281 912 3335 autern
931 3273 1055 3350 ipsimet
1077 3272 1182 3335 Status

55 3381 180 3442 ratione
196 3380 386 3461 Religionis,
404 3388 467 3444 turn
486 3384 576 3444 etiem
594 3383 855 3444 constitutionum
874 3378 1016 3451 suarum,
1035 3369 1183 3460 ac‘priri·

57 3483 211 3566 legiorum
236 3487 318 3547 inter
344 3505 378 3548 se
404 3486 602 3568 discrepent,
628 3495 658 3549 et
685 3486 837 3552 Catholici
866 3489 898 3550 in
921 3486 1077 3566 praelatis
1104 3486 1134 3548 l.
1153 3485 1191 3571 2„

57 3594 200 3657 articulis
226 3603 375 3675 gravatos
393 3612 427 3656 se
445 3574 644 3669 existiment,
670 3595 809 3659 Saxones
832 3611 907 3658 vero
925 3594 1104 3677 privilegiis·
1117 3595 1182 3656 suis

57 3702 195 3782 antiquis
212 3708 242 3762 et
259 3719 365 3764 eorum
384 3703 453 3766 usui
480 3711 510 3766 et
534 3703 750 3767 consuetudini
767 3707 798 3768 in
816 3711 872 3766 art.
892 3702 921 3765 3.
941 3704 1041 3784 magis
1058 3707 1183 3762 cautum
1237 3708 1241 3716 '

14 3814 19 3823 ¹
58 3825 135 3872 esse
153 3805 345 3891 efflagitent:
371 3828 389 3871 c
415 3829 451 3872 re
477 3815 679 3894 ipsorummet
699 3811 837 3876 Statuam
863 3810 1027 3886 duritias,
1059 3817 1092 3872 ut
1118 3809 1206 3872 dil--
1234 3825 1237 3829 ’
1270 3880 1273 3885 ,
1346 3814 1350 3821 ’

56 3914 213 3979 ficultates
230 3919 313 3979 inter
338 3915 408 3980 illos
427 3921 511 3980 cirea
528 3919 629 3981 dictos
648 3925 713 3981 tres
740 3919 889 3982 articulos
914 3923 1076 3979 vertentes
1101 3919 1183 3979 ami·
1226 3915 1229 3920 ’
1274 3967 1277 3972 .
1302 3936 1305 3943 ’

48 4024 151 4086 -oabili
170 4026 393 4106 compositione
416 4034 447 4088 et
473 4007 641 4090 concordia
670 4028 725 4090 sub
743 4027 952 4090 notificatione
969 4032 1075 4087 nostra
1093 4026 1126 4086 G.
1145 4024 1181 4086 R.
1251 4044 1269 4099 χ

58 4131 256 4212 complanare
267 4131 420 4207 studeant,
434 4133 492 4194 hec
504 4151 580 4197 vero
598 4152 662 4196 non
680 4133 882 4205 succedente,
905 4132 1019 4196 auditis
1032 4130 1181 4203 Partibus,

54 4230 264 4321 opinioneque
282 4237 536 4303 Consiliatorun
552 4239 842 4303 Transsilvanorum
859 4240 995 4321 desuper
1006 4237 1180 4309 intellecta,
1286 4250 1290 4257 ’

55 4342 211 4425 reliquum
225 4345 322 4410 Nobis
340 4346 410 4420 erit,
426 4346 457 4410 id
474 4336 604 4427 denique
621 4363 817 4429 promunere
829 4355 937 4411 nostro
949 4347 1049 4428 [legio
1071 4346 1183 4410 decer-

50 4471 152 4528 nere,
178 4453 261 4536 quod
278 4438 389 4520 iustum
406 4462 437 4518 et
453 4473 586 4539 aequum
603 4462 794 4537 compertum
814 4454 943 4519 tuerit.‘¹
970 4455 1181 4521 Provocemus
1224 4483 1227 4489 ·
