2798 4852
586 250 744 373 faus
776 204 862 326 ·-3'
936 343 945 384 .-

135 458 257 547 tiop'em
283 463 452 542 propositis
477 422 615 552 querelis¹
641 462 810 526 executira
840 437 982 542 pileatos
1006 459 1206 554 dissimulare
1221 446 1263 525 'et
1353 512 1357 520 .

130 560 362 642 intermittere,
392 569 459 649 legi
496 570 680 648 obsequium
715 567 923 648 effectumque
954 585 1127 649 procurare
1138 567 1158 649 'ln
1181 575 1212 630 rt
1230 570 1278 643 :si-
1324 632 1328 641 ,
1382 594 1385 600 ·

132 674 309 760 procuret,
334 675 366 737 id
390 690 448 755 pro
473 677 656 756 gravamine
681 674 861 739 habeatur?
884 675 978 754 Atqui
1000 678 1032 739 in
1047 675 1161 738 talibus
1178 673 1264 738 dun·
1348 687 1352 694 ·

130 789 224 847 taxat
239 780 366 844 casibus
382 782 488 862 proles
504 780 543 842 ad
559 774 797 861 impertiendam
813 780 875 844 iliis
885 780 1071 844 catholicam
1083 789 1115 843 et
1125 780 1266 862 legalem

131 887 361 963 educationem
392 905 411 949 a
447 888 655 950 renitentibus
688 894 721 955 et
752 880 857 950 omem
888 898 950 951 suc
971 886 1135 968 ,parentali
1165 889 1266 950 satis·

129 994 245 1059 Iacere
275 992 502 1085 reluctantibus
533 993 626 1057 auelli
657 990 691 1056 e't
725 993 902 1074 ·Episoopis
942 992 1005 1056 tine
1039 992 1295 1074 impertiendae·-

130 1099 252 1166 iisdem
276 1098 450 1163 catholicae
475 1098 671 1163 educationis
697 1102 879 1182 consignari
906 1098 1008 1162 medio
1034 1094 1141 1162 Civilis
1156 1097 1263 1160 Juris-
1343 1126 1346 1133 ·

129 1205 286 1271 dictioms
301 1206 457 1298 soleba-nt.
482 1206 604 1288 Optime
628 1207 743 1269 talibus
758 1203 918 1286 prolibus,
946 1204 1004 1267 etsi
1021 1221 1083 1269 non
1100 1205 1264 1307 sinegra-
1351 1204 1356 1213 '

132 1311 230 1376 vibus
255 1312 426 1385 sumtibus,
455 1330 514 1392 per
535 1311 710 1394 Episcopus
735 1318 934 1392 prospectum
960 1328 1052 1384 esse,
1085 1309 1263 1391 complures
1371 1328 1374 1333 ·

132 1424 303 1500 parentum
314 1421 415 1481 miuus
425 1419 578 1482 ferocium
590 1418 694 1498 proles
709 1434 784 1480 suas
795 1417 996 1480 invisentium
1005 1419 1144 1497 ingenue
1162 1433 1266 1499 agno·
1294 1454 1299 1462 =
1333 1458 1336 1462 -
1360 1488 1365 1495 ,

134 1530 273 1597 rerunt,
287 1520 537 1603 'compluresque
562 1522 771 1603 proles-licita
798 1521 986 1586 educatione
1001 1522 1107 1584 redire
1124 1522 1162 1584 ad
1178 1523 1264 1584 lares
1354 1551 1358 1558 ·
1386 1603 1393 1612 ·

136 1635 291 1710 paternos
317 1636 525 1718 recusarunt,
556 1629 651 1692 veluti
667 1629 797 1702 melius,
828 1645 921 1709 uuam
946 1629 979 1691 in
995 1627 1088 1691 donoc
1114 1634 1268 1715 paterna,
1353 1668 1389 1699 ,,

136 1736 290 1817 provisae
300 1757 309 1811 ;
321 1733 389 1798 sed
399 1741 431 1797 et
441 1735 580 1798 nonnulli
590 1717 774 1816 Evangelici
789 1735 879 1796 c‘xtra
896 1736 1028 1798 mixtum
1041 1740 1129 1829 matr.
1144 1736 1269 1797 'consti
1365 1738 1367 1742 '

137 1844 211 1917 tuti,
229 1847 334 1905 autex
345 1841 418 1922 lege
429 1841 663 1905 adcatbolicam
679 1842 813 1924 prolium
823 1830 1039 1932 mascularum
1050 1841 1275 1903 educationem-

137 1947 226 2015 ltaud
250 1947 399 2035 obligati,
419 1966 499 2010 suas
524 1949 630 2028 proles
657 1947 814 2010 benevole
829 1964 888 2027 pro
904 1948 1059 2010 catholica
1081 1945 1269 2009 educatione
1370 1952 1374 1957 ’

136 2053 358 2131 tradiderunt,
382 2049 553 2117 manifesto.
566 2055 771 2135 argumento,
789 2054 895 2133 proles
910 2052 980 2116 illas
997 2069 1059 2114 nco
1076 2052 1270 2132 peregrinis·

139 2161 204 2225 sed
219 2159 368 2255 paternis
390 2160 614 2240 Episcoporum
641 2160 783 2223 manibus
807 2158 940 2222 nuditas
961 2171 1042 2220 esse.
1061 2156 1152 2219 -Si
1169 2146 1270 2239 spdcss
1383 2203 1385 2209 .

140 2285 210 2333 sam
225 2287 244 2330 a
259 2283 398 2347 sponso,
419 2269 471 2330 vel
487 2284 619 2331 uxorem
636 2286 653 2329 a
670 2268 780 2330 marito
796 2266 890 2328 avelli
906 2267 1062 2365 contigit,¹
1078 2264 1110 2327 id
1122 2252 1268 2326 auctori·
1297 2313 1301 2319 .
1317 2275 1320 2280 ·
1357 2340 1361 2347 ⁸

138 2381 205 2437 tate
231 2373 465 2437 iurisdictionis
490 2375 597 2437 Civilis
623 2375 670 2447 ad,
688 2372 836 2440 effectum
864 2373 944 2456 legis
961 2371 1085 2470 'iactum
1102 2379 1172 2444 est,
1204 2372 1301 2433 siue-
1390 2358 1393 2363 ’

139 2479 230 2561 quod
246 2480 406 2563 illegitimo
433 2488 466 2543 et
482 2481 587 2543 illicite
613 2483 849 2554 occuluissent,
876 2497 939 2542 non
955 2479 1038 2547 iacta
1055 2478 1152 2561 legali
1169 2495 1270 2559 copu-

122 2584 277 2671 latione,
294 2589 363 2651 sive
379 2585 461 2666 quod
478 2587 668 2651 educatione
684 2587 780 2668 legali
795 2585 959 2678 repudiata
975 2585 1152 2647 catholicae
1169 2585 1265 2647 insti·
1303 2612 1305 2617 ·
1337 2604 1340 2611 ’

139 2693 256 2758 talioni
268 2693 436 2757 subiectae
461 2693 589 2756 luerint.
615 2693 704 2766 Quod
726 2694 809 2757 inter
821 2693 930 2774 proles
947 2693 1123 2755 arctissimo
1140 2691 1271 2766 sangvi-
1348 2734 1351 2740 -

138 2799 193 2863 nis
208 2798 295 2863 nexu
310 2799 454 2872 iunctas,
479 2803 510 2861 ic
527 2800 654 2865 diversa
670 2807 774 2863 tamen
799 2800 956 2882 religione
981 2797 1133 2866 educatae
1149 2796 1274 2860 occulte
1375 2814 1379 2835 ³

123 2907 276 2988 ¹pullulet
291 2904 518 2969 discordiarum
529 2900 952 2987 semen‘cxperie'ntia‘non
963 2905 1089 2979 docuit3
1106 2906 1274 2966 etsi-man·
1347 2955 1350 2959 .

126 3019 259 3078 -suetae
275 3011 358 3075 illius
375 3022 412 3074 ac
428 3011 576 3092 pacificae
593 3012 760 3094 religionis
775 3017 976 3093 praceepta‚·
990 3027 1071 3088 quae
1087 3013 1173 3089 ipsos
1192 3007 1272 3071 adeo

127 3118 504 3201 .·iuimicos„diligendos
538 3120 709 3203 praecipit,
742 3115 866 3178 tenellis
895 3115 1043 3178 cordibus
1073 3114 1291 3189 instillentur,³

119 3226 122 3231 ’
145 3224 376 3290 discordiarum
393 3240 500 3287 semen
511 3220 919 3304 nonfacilepropullulabit.
938 3220 1038 3302 Magis
1053 3220 1115 3284 imo
1133 3220 1275 3281 certisai·
1293 3276 1296 3281 .

139 3346 200 3395 rme
216 3329 247 3394 id
263 3326 461 3394 metuendum
478 3332 546 3401 est,
570 3330 597 3392 si
622 3338 693 3410 post
710 3346 810 3392 annos
837 3329 1053 3402 discretionis-c
1061 3325 1201 3407 prolibus
1217 3340 1277 3404 pro
1298 3333 1304 3348 ’
1373 3374 1377 3381 .

137 3436 264 3520 ,placito
288 3437 615 3517 religionem‚.quam
651 3424 799 3518 optimam
840 3422 1109 3504 existimaverint,
1134 3429 1279 3511 deligere
1374 3496 1380 3512 ,

136 3543 378 3607 admitteretur.
403 3542 490 3605 Tunc
506 3545 588 3628 enim
610 3544 637 3604 si
653 3544 764 3604 in-una
780 3539 954 3631 eademque
969 3538 1084 3607 familia
1096 3520 1277 3600 'arctissimo
1311 3556 1322 3594 ¹.

129 3648 314 3728 ,sanguinis
339 3666 424 3712 nexu
439 3650 537 3712 iuncti
553 3655 616 3721 tot,
640 3648 831 3728 quodsum,
856 3646 992 3710 familiae
1010 3645 1147 3711 membra
1165 3644 1277 3736 diver*
1334 3671 1336 3676 ·

142 3771 203 3823 aas
219 3755 391 3837 religiones
416 3755 704 3836 amplecterentur,
730 3772 794 3817 nou
813 3734 934 3838 tantum
951 3769 1083 3828 semen,
1111 3742 1172 3813 s'e'd'
1184 3766 1281 3829 seges
1332 3802 1339 3811 .

138 3862 337 3949 amplissima
349 3862 573 3926 discordiarum
589 3862 820 3942 propullularet
837 3892 877 3904 -
889 3857 1023 3922 Germen
1035 3854 1280 3920 amaritudinum

129 3970 234 4041 inter
250 3976 399 4049 parentes
415 3967 707 4041 abditarum-licet,
722 3986 786 4031 non
799 3985 872 4030 raro
889 3963 992 4029 tamen
1007 3964 1277 4046 prorumpentium
1295 4042 1296 4047 ἵ
1316 4033 1319 4039 ,

146 4075 274 4163 perid,
292 4079 320 4140 si
337 4078 472 4140 omnium
488 4074 619 4156 prolium
637 4074 790 4137 educatio
800 4074 831 4134 in
846 4072 1005 4151 religione
1020 4064 1300 4152 patris-stabilias·

143 4179 202 4255 tur
213 4227 223 4260 ,
235 4202 303 4249 non
318 4181 409 4249 modo
426 4199 488 4251 non
507 4181 734 4252 suffocabitur,
758 4197 868 4243 rerum
893 4178 998 4256 potius
1016 4176 1055 4238 ad
1072 4168 1280 4266 prorumpen-

153 4287 228 4351 dum
245 4268 601 4366 etadamarosfructus
612 4284 832 4373 producendos
848 4303 961 4348 novum
977 4282 1162 4344 termentum
1180 4277 1283 4341 adde-

113 4399 117 4405 ’
146 4411 215 4466 tur.
239 4387 314 4459 Nam
330 4399 416 4460 iuxta
434 4380 616 4459 modernam
640 4382 739 4476 legis,
757 4399 824 4483 art.¹
837 4390 898 4454 26:
927 4388 1025 4452 1791.
1045 4387 1285 4469 dispositionem
1329 4373 1349 4425 ·'
