2798 4852
546 215 890 311 ‚-ars.7-.,··
955 214 961 231 ·
1039 304 1042 309 ,

235 390 394 473 Acerbum
418 428 493 474 sane
519 418 586 484 cst,
612 412 695 493 quod
711 412 742 474 in
760 417 846 476 tanto
864 411 1069 475 comitatuum
1085 410 1269 493 Hungariae

143 533 275 582 numero
288 523 354 579 tres
365 516 517 581 duntaxat
527 517 660 582 haedum
675 511 795 601 reperti
805 521 876 592 sint,
894 519 944 600 qui
959 518 1084 602 placitis
1100 517 1270 585 Comitatus
1371 507 1375 513 ’

143 624 320 689 Pestiensis
337 625 491 690 accedere
514 635 707 705 renuerunt,
725 627 895 695 Comitatus
911 644 1021 708 nempe
1032 625 1269 710 strigoniensis,

141 732 386 814 Seepusiensis,
414 741 446 797 ct
469 736 684 799 Posoniensis.
709 733 774 799 Sed
799 736 915 817 primus
931 733 984 798 ille
1001 751 1069 797 cum
1093 750 1270 815 supremum

141 856 239 904 suum
256 840 404 903 Comitem
421 841 522 926 Regni
548 843 713 906 Primatem
740 843 872 915 babeat,
899 860 956 924 per
966 839 1110 907 dimissas
1127 840 1165 904 ad
1189 860 1270 905 cun·

135 955 212 1012 ctos
229 946 401 1018 Comitatus
418 948 522 1012 literas
541 950 641 1013 bonae
657 967 772 1014 causae
789 947 872 1014 haud
898 967 1041 1031 magnum
1060 946 1181 1013 adferet
1195 967 1273 1012 mou
1311 1004 1321 1027 ,
1368 1002 1377 1015 ,

142 1050 309 1125 mentum',
327 1053 519 1127 adversariis
545 1054 574 1117 id
600 1055 819 1119 allirmaturis:
844 1055 926 1137 qnod
943 1055 1040 1146 inhia
1057 1072 1155 1124 secus,
1169 1054 1269 1119 solide

143 1161 346 1243 egregieque
378 1163 553 1245 conceptis*
571 1179 633 1226 non
651 1169 711 1225 tam
729 1181 818 1227 suum
841 1179 966 1226 sensum
998 1170 1145 1239 secutus,
1178 1179 1294 1245 quam„
1340 1188 1343 1195 ·

138 1269 249 1355 potius
270 1269 357 1331 nutui
374 1270 510 1348 supremi
527 1268 575 1332 aui
592 1269 719 1333 Comitis
736 1271 903 1333 obsecutus
920 1269 1024 1334 luerit.
1049 1267 1085 1332 ln
1106 1268 1206 1333 altero
1224 1268 1264 1333 ob
1330 1330 1339 1343 ,
1380 1300 1384 1305 ·

140 1370 295 1454 exiguum
320 1375 508 1438 secularium
525 1375 680 1439 Nobilium
701 1393 859 1440 numerum
876 1375 992 1458 passim
1008 1374 1090 1438 Cleri
1105 1373 1258 1456 suffragia
1296 1378 1299 1382 '

132 1481 350 1562 ‚praevalent3
375 1484 486 1546 tertius
512 1481 647 1563 denique
673 1482 778 1547 bacin
795 1499 891 1545 eausa
907 1481 939 1545 id
957 1470 1051 1545 unum
1069 1483 1153 1566 egit,
1183 1479 1266 1562 quod
1326 1550 1330 1555 ,

107 1600 111 1605 ·
143 1587 526 1663 incentivasPestiensis
552 1595 583 1652 et
608 1590 739 1669 plurium
764 1588 894 1652 aliorum
921 1589 1128 1653 Comitatuum
1156 1588 1264 1651 literas
1329 1606 1333 1612 ’

139 1693 327 1774 simpliciter
352 1692 391 1755 ad
410 1686 486 1758 'aeta
511 1696 710 1776 reponendas
736 1714 808 1760 esse
825 1697 995 1760 censuerit.
1020 1694 1056 1758 ln
1072 1697 1190 1759 ceteris
1207 1697 1267 1759 iam
1304 1680 1313 1738 ,⁴

135 1783 213 1864 'lere
230 1802 372 1864 o'mnibus
388 1802 490 1884 Regni
501 1801 701 1867 comitatibus
713 1806 844 1868 irritatio
856 1806 1026 1867 animorum
1038 1804 1266 1884 novissemper
1343 1854 1346 1859 .

137 1909 293 1971 increscit
309 1909 426 1972 viribus
453 1911 726 1991 asperioribusque
744 1909 890 1974 contiuuo
918 1926 953 1971 se
969 1908 1278 1990 manifestatarguy
1359 1960 1365 1968 .
1386 1940 1391 1948 ·

138 2015 255 2078 mentis
269 2006 474 2092 {auctoritas
492 2016 575 2079 Cleri
591 2034 648 2096 per
663 2016 804 2099 publicas
821 2015 1022 2102 privatasque
1046 2015 1265 2095 impolitiores,
1378 2045 1382 2056 ·

132 2124 347 2199 ,inclementes
364 2123 475 2196 crises,
493 2126 642 2206 ctiurgia
660 2126 690 2187 in
707 2124 773 2186 dies
790 2125 889 2206 magis
908 2118 1044 2209 vapulat,
1061 2121 1158 2202 inque
1176 2128 1266 2187 tanto

137 2232 202 2294 illic
220 2229 391 2292 nobilitatis
416 2229 449 2293 in
466 2231 544 2294 alias
572 2222 808 2313 regnicolarum
820 2230 940 2296 classes
957 2229 1076 2293 inlluxu
1093 2226 1265 2292 verendum

110 2332 114 2337 ’
137 2332 200 2408 est,
218 2355 260 2400 ne
278 2334 413 2400 inlausta
428 2338 511 2413 haee,
527 2337 628 2402 civilis
642 2347 676 2415 ‚et
693 2322 933 2417 ecclesiasticae
949 2338 1115 2420 potestatis
1130 2342 1266 2399 conten·
1368 2354 1371 2359 ·

138 2446 182 2507 lio
199 2446 290 2511 inter<
301 2443 508 2526 multiplices,
527 2463 606 2527 quae
627 2445 763 2528 undique
779 2445 947 2517 iactantur,
965 2436 1074 2517 retinas,
1089 2441 1169 2524 apud
1186 2438 1267 2504 dde-

137 2538 201 2615 lem
219 2551 368 2640 populum
386 2550 577 2616 funestiores
594 2551 694 2615 adhuc
711 2554 824 2632 gignat
842 2550 984 2615 effectus.
1091 2578 1093 2583 ·

234 2654 296 2720 cur
312 2666 417 2722 autem
445 2659 535 2722 lusae
552 2677 609 2742 per
625 2658 800 2742 Episcopos
827 2676 933 2722 coram
950 2658 1064 2742 throno
1082 2659 1266 2740 regiopre·

137 2784 195 2837 ces
206 2756 340 2831 bucdum
351 2774 457 2850 optato
474 2770 634 2833 caruerint
647 2785 813 2842 successu,
831 2781 926 2833 causa
937 2766 1068 2857 illaest:
1086 2762 1181 2848 quod,
1199 2782 1269 2828 cum
1285 2772 1297 2799 ²
1324 2820 1328 2827 ,
1376 2743 1387 2796 3

120 2865 254 2959 ¹Clarus
285 2868 466 2955 Hungariac
496 2875 675 2938 novissimis
700 2876 749 2938 bis
781 2869 982 2957 temporibus
999 2874 1028 2937 in
1056 2873 1264 2945 conciliandis

110 2981 246 3059 ¹nairrtis
273 2980 459 3052 connubiis,
491 2982 523 3042 in
555 2981 837 3061 quibuseatlrolica
870 2983 1005 3043 omnium
1037 2979 1266 3044 nasciturorum
1296 3007 1302 3013 ·
1384 3044 1387 3051 ,

136 3088 273 3168 prolium
291 3088 438 3150 educatio
455 3087 583 3167 praevie
600 3087 794 3152 sullicienter
810 3094 977 3170 praecauta
995 3102 1062 3150 non·
1075 3093 1141 3164 est,
1158 3083 1288 3167 passi-⁰
1349 3163 1355 3175 .
1385 3082 1391 3091 '

135 3211 210 3275 vam
228 3191 387 3256 dumtaxat
404 3193 626 3267 assistentiam,
644 3193 825 3274 regnicolis,
842 3212 878 3256 ac
887 3194 1073 3276 praeprimis
1086 3179 1275 3274 protectam·
1326 3200 1359 3257 .“
1385 3203 1390 3211 ’

130 3301 224 3365 tibus
240 3318 439 3382 summopere
457 3318 605 3373 exosam,
631 3301 791 3391 praebeat,
810 3320 911 3389 neque
929 3306 966 3364 e'a
984 3320 1019 3365 se
1037 3289 1132 3387 salvis
1149 3299 1263 3383 liceto·
1380 3350 1383 3355 .

133 3408 206 3471 siae
237 3408 400 3489 principiis
433 3407 622 3477 benedicere
652 3425 747 3488 posse
778 3408 928 3495 allirmet:
971 3406 1145 3473 adversarii
1184 3423 1261 3492 vero
1331 3432 1335 3441 ¹
1383 3410 1389 3423 '

132 3521 299 3595 oggerant
314 3514 431 3579 frustra
449 3516 539 3578 isthic
551 3535 608 3598 per
621 3515 740 3579 clerum
750 3516 902 3598 principia
919 3516 1079 3601 ecclesiae
1090 3513 1269 3595 praetendi,

133 3637 211 3683 cum
227 3619 300 3683 indo
317 3621 355 3682 ab
373 3639 420 3682 an.
443 3619 537 3683 titt.
552 3625 645 3685 mixta
658 3623 860 3687 matrimonia
878 3602 937 3704 per
951 3640 1021 3685 eum
1038 3623 1152 3705 passim
1170 3621 1267 3685 etiam
1280 3660 1296 3698 χ

135 3711 219 3792 tuno
235 3730 432 3807 praescripto
449 3731 512 3792 ritu
528 3712 643 3793 luerint
660 3729 837 3804 benedicta,
855 3728 924 3794 dum
936 3729 1020 3793 nulla
1034 3729 1136 3818 quoad
1154 3724 1266 3813 catb'c·

130 3836 234 3901 licam
259 3835 392 3918 prolium
418 3837 640 3901 educationem
664 3841 839 3917 praecessit
863 3837 923 3931 viri
940 3835 1107 3900 acatholici
1124 3837 1267 3917 sponsio,
1294 3836 1296 3840 ’
1348 3844 1353 3859 ’

130 3940 310 4022 legemque
334 3943 476 4014 civilem,
509 3943 823 4026 mixta'matrimpnia
850 3963 974 4028 semper
999 3943 1262 4033 coramparocho
1287 3987 1288 3990 ,
1353 3954 1361 3976 ·“

133 4046 301 4137 catholieo
328 4049 398 4111 iniri
425 4054 670 4133 praecipientem
697 4056 846 4118 continua
863 4055 960 4139 ipsius
978 4054 1054 4118 cleri
1068 4041 1265 4134 interpreta-
1308 4064 1314 4077 “
1368 4120 1373 4129 ,

132 4153 228 4247 ιξοηρ
243 4154 304 4217 hoc
321 4155 418 4217 sensu
435 4165 564 4218 sumtam
581 4159 702 4230 luisse,
729 4158 812 4240 quod
829 4163 923 4224 mixta
941 4167 1029 4224 matr.
1048 4160 1141 4237 solito
1159 4156 1265 4222 eccle·
1297 4140 1302 4147 ¹
1353 4156 1357 4166 '

132 4259 271 4339 siasticc
297 4263 367 4325 rit-u.
386 4265 732 4345 semper'concilianda
754 4267 835 4337 sint,
861 4273 953 4347 atque
968 4266 1058 4330 adeo
1075 4267 1264 4349 praecipuus
1347 4292 1352 4301 ·

130 4365 376 4432 contentionum
403 4369 499 4435 cardo
525 4372 610 4435 circa
642 4371 710 4456 ipsa
735 4370 892 4436 ecclesiae
926 4374 1076 4457 principia
1110 4384 1262 4454 -aquae
1311 4425 1317 4435 .
