2798 4852
676 256 913 331 -5to-

1386 340 1391 479 l

232 458 321 543 garta
338 456 448 529 solum,
466 454 522 518 sed
538 451 640 517 ubivis
657 457 810 514 terrarum
826 448 1022 513 uniformiter
1037 448 1190 514 traditam
1200 468 1211 526 ;
1228 467 1285 513 nec
1299 452 1343 514 ul·
1389 486 1391 495 =

231 572 279 628 tra
296 564 460 647 sphaeram
485 559 647 626 doctrinae
673 565 706 621 et
731 554 956 640 iurisdictionis
982 573 1094 620 sacrae
1119 574 1158 619 se
1176 556 1345 631 extendunt
1388 550 1391 637 l

232 675 466 752 consequenter
481 666 513 731 in
530 666 723 731 nativitatem
739 661 841 727 civilis
856 661 1078 746 Legislationis
1096 680 1293 744 nequaquam
1307 665 1347 727 in-
1389 736 1391 745 ¹

231 774 380 859 volando,
395 794 456 840 nec
471 775 575 858 legem
592 771 655 838 26:
674 766 795 851 ¹⁷9⁰s1·
807 769 928 835 violare
938 775 1117 850 potuerant,
1135 769 1348 851 quamnim

140 862 147 873 “
231 885 374 967 superius
391 883 506 947 dictum
522 888 582 955 est,
598 860 709 964 praxis
725 875 809 942 Cleri
825 878 919 942 ritum
935 875 1088 941 duntaxat
1098 875 1288 959 religiosum
1302 893 1347 941 re·

232 993 336 1073 spiens
352 970 409 1072 pro
425 989 605 1055 authentica
620 986 703 1075 legis
721 985 822 1049 civilis
850 983 1062 1075 explicatione
1079 982 1197 1047 baberi
1214 989 1345 1065 nequeat.

230 1096 302 1163 Non
326 1096 516 1162 labefactant
539 1111 635 1177 porro
678 1091 856 1157 Circulares
881 1090 1070 1156 Praesuleae
1106 1090 1351 1174 religiositatem,

234 1204 305 1268 dum
322 1203 355 1267 in
372 1204 503 1287 negotio
520 1209 608 1265 matr.
626 1203 794 1266 mixtorum
812 1219 830 1264 e
847 1216 942 1263 sensu
959 1205 991 1261 et
1017 1199 1180 1262 sententia
1208 1197 1289 1261 illius
1303 1196 1349 1259 lo·
1389 1260 1392 1279 ¹

232 1310 357 1374 testatis
373 1325 408 1397 se
426 1310 617 1382 enunciant,
647 1325 737 1389 quam
753 1308 784 1369 in
800 1304 942 1369 Ecclesia
959 1303 1124 1368 Catholica
1138 1311 1292 1388 respectu
1304 1319 1349 1365 ra·
1390 1348 1392 1353 .

152 1407 155 1416 ’
232 1432 299 1480 rum
317 1416 355 1480 ad
371 1415 462 1479 fidem
488 1415 709 1497 pertinentium
726 1420 760 1476 ut
775 1421 963 1493 extraneam
996 1400 1211 1475 considerare
1243 1411 1351 1475 minine

231 1514 317 1588 licet.
342 1523 427 1588 'lunc
442 1524 546 1605 potius
575 1521 821 1585 labefactaretur
836 1504 1000 1585 veneratio
1010 1517 1140 1602 legibus
1159 1518 1279 1598 debita,
1294 1517 1352 1582 siin
1390 1560 1392 1615 Ι

235 1628 373 1699 Comitiis
391 1630 633 1693 enunciaretur:
650 1627 743 1712 leges
760 1627 869 1692 civiles
886 1627 967 1691 ultra
983 1625 1099 1691 limites
1117 1625 1275 1710 politicae
1290 1642 1351 1691 snae

233 1733 402 1799 activitatis
420 1737 513 1800 etiarn
532 1735 636 1818 quoad
653 1718 919 1817 dispensationem
936 1748 1100 1797 sacrorum
1115 1733 1241 1797 rituum
1257 1731 1351 1815 dispo-

233 1860 311 1906 nere
327 1859 445 1924 posse;
469 1845 513 1907 ita
531 1845 611 1909 enim
628 1842 721 1927 leges
737 1841 847 1906 civiles
873 1841 905 1906 in
923 1846 1065 1927 apertam
1083 1839 1288 1904 collisionem
1303 1856 1351 1903 vc·

230 1949 338 2014 nirent
355 1966 425 2011 cum
442 1948 611 2033 postulatis
627 1948 890 2030 independentiae
915 1943 1113 2011 diversarum
1128 1947 1351 2013 Ecclesiaram

143 2068 147 2077 ’
232 2059 404 2140 peripsam
421 2057 526 2140 legem
543 2057 606 2122 26:
624 2054 743 2135 1⁷9⁰s1·
760 2056 860 2121 relate
877 2053 1145 2137 adEvangelicos
1163 2053 1284 2119 diserte
1300 2069 1349 2136 ag·

236 2163 331 2243 nitae,
349 2158 465 2247 quippe
483 2163 712 2247 disponentem:
728 2169 763 2227 ut
779 2160 964 2245 Evangelici
978 2163 1012 2226 iu
1027 2160 1129 2226 rebus
1138 2181 1223 2229 suae
1232 2161 1351 2245 religio·

231 2271 280 2333 nis
295 2271 389 2334 unice
405 2287 424 2332 a
441 2269 505 2333 suis
522 2269 749 2334 ecclesiasticis
767 2269 982 2351 superioribus
994 2267 1213 2351 dependeant,
1230 2288 1310 2335 nere
1322 2264 1353 2331 al

232 2383 323 2440 actus
339 2376 391 2441 vel
415 2379 497 2442 ritus
523 2376 669 2460 religioni
694 2394 771 2441 suae
792 2376 969 2440 contrarios
994 2393 1132 2460 unquam
1150 2377 1350 2461 stringantur.

188 2533 192 2537 .
233 2481 346 2546 Merito
364 2483 465 2564 igitur
493 2492 655 2566 exspectat
673 2484 782 2548 Clarus
799 2484 999 2560 catholicus,
1025 2489 1058 2547 ut
1084 2484 1279 2568 principium
1293 2485 1350 2561 boc,

236 2588 318 2670 quod
336 2591 469 2654 omnium
487 2592 592 2673 legum
609 2590 886 2674 religionariarum
899 2591 1134 2656 fundamentum
1148 2599 1210 2671 est,
1229 2594 1278 2656 sui
1287 2605 1352 2672 quo·

233 2715 294 2777 que
310 2704 461 2780 respectu
489 2704 741 2762 manuteneatur.
765 2697 804 2761 Et
822 2707 916 2782 prout
942 2716 1006 2762 non
1031 2697 1179 2763 dubitant
1197 2700 1348 2769 Proceres,

231 2802 467 2885 legislationem
484 2807 556 2868 anni
574 2804 672 2867 tter.
690 2806 843 2886 principio
862 2814 1034 2871 memorato
1057 2805 1189 2869 adversi
1208 2804 1281 2886 quid
1296 2812 1350 2868 stu·

230 2915 320 2972 tuere
337 2928 533 2992 nequaquam
551 2910 714 2991 voluisse3
731 2915 773 2975 ita
790 2913 930 2977 eiusdem
948 2912 1093 2995 principii
1110 2913 1154 2975 ad
1171 2913 1260 2976 bana
1276 2912 1350 2975 etiam

232 3018 450 3096 quaestionem
467 3018 707 3101 applicationem
724 3039 763 3085 eo
781 3024 881 3103 magis
893 3028 1054 3103 exoptant,
1073 3037 1139 3102 quo
1150 3020 1350 3083 certioratum

231 3125 428 3206 experientia
446 3133 509 3188 tnm
525 3127 654 3190 historia
671 3127 873 3209 suppeditant
897 3146 954 3211 pro
972 3145 1011 3191 eo
1031 3134 1237 3209 argumenta,
1266 3141 1349 3208 quan

231 3237 342 3311 topere
359 3231 528 3312 optandum
545 3234 595 3307 sit,
617 3241 650 3296 ut
667 3233 773 3298 Civilis
790 3234 933 3298 Potestas
951 3237 982 3298 in
999 3236 1064 3297 suis
1082 3250 1166 3315 erga
1182 3232 1347 3297 Ecclesiam

231 3335 443 3400 relationibus
459 3338 574 3402 limites
601 3357 678 3403 suae
705 3342 872 3404 activitatis
888 3339 972 3404 baud
988 3339 1157 3415 transiliat,
1184 3340 1245 3404 sed
1262 3339 1349 3422 potius

232 3445 314 3505 intra
332 3461 387 3508 eos
406 3463 441 3508 se
458 3445 652 3510 continendo
669 3453 730 3509 tam
747 3450 961 3528 praesentium
975 3467 1066 3531 quam
1082 3465 1144 3527 pro
1162 3448 1271 3512 futuro
1285 3464 1349 3510 coa·

232 3548 403 3614 dandarum
419 3553 527 3634 legum
545 3552 679 3616 debitam
696 3558 929 3619 venerationem
952 3562 1159 3619 manutenere
1177 3552 1348 3626 contendat;

230 3666 324 3732 prout
341 3659 403 3723 hoc
420 3659 472 3723 vel
489 3661 545 3742 ipsi
563 3662 607 3724 illi
623 3661 821 3744 religionarii
833 3664 976 3726 motusin
994 3660 1118 3726 cunctis
1135 3662 1208 3726 lere
1219 3662 1347 3743 Europae

231 3766 370 3845 partibus
389 3775 488 3830 semet
507 3768 691 3832 evolventes
719 3777 750 3832 et
777 3787 833 3853 per
859 3770 963 3835 Status
981 3789 1017 3833 ac
1036 3768 1101 3832 00.
1122 3765 1346 3835 commemorati
1392 3752 1394 3783 ¹

233 3868 468 3963 demonstrant,
486 3881 517 3937 et
534 3883 719 3958 argumento
737 3885 829 3951 sunt,
858 3895 949 3959 quam
967 3883 1060 3939 caute
1077 3876 1186 3940 civilis
1203 3875 1345 3960 legislatio
1392 3906 1394 3913 ι

231 3974 293 4039 boc
309 3979 339 4041 in
357 3997 478 4063 genere
495 3982 672 4062 procedere
698 3981 831 4058 debeat,
856 3984 951 4065 idque
969 3980 1183 4066 praepedire,
1211 4001 1251 4046 ne
1276 3980 1344 4044 aelus

232 4083 396 4164 religionis
414 4088 446 4149 in
462 4087 659 4151 lauatismum
674 4090 859 4173 religiosum
878 4091 1065 4174 degeneret.

320 4190 370 4254 Sic
387 4195 488 4256 animo
506 4198 680 4278 comparati
697 4196 852 4262 Proceres
868 4197 1008 4260 reticere
1025 4195 1108 4259 haud
1128 4202 1273 4280 possunt,
1289 4211 1340 4256 ma·

234 4290 282 4354 dia
300 4297 508 4363 tollendcrnm
534 4309 774 4382 praetensorum
800 4306 1016 4386 gravaminum
1044 4321 1103 4386 per
1122 4305 1229 4370 Status
1246 4309 1275 4366 et
1291 4296 1338 4361 00·

232 4404 388 4479 proposita
406 4422 598 4490 nequaquam
617 4410 689 4476 talia
706 4412 766 4477 sibi
783 4412 895 4489 videri,
914 4430 995 4494 quae
1012 4411 1140 4477 intento
1158 4411 1210 4477 tini
1226 4423 1337 4490 respon·
