2798 4852
267 242 305 359 ’ς
546 220 828 379 paces-3
890 224 968 355 ἷ

127 472 276 561 p‘erso'nis·
298 463 478 540 acatholicis
503 461 644 539 Paroch‘o
677 491 734 536 suo
766 490 829 537 non
860 479 1029 552 praesento
1061 477 1215 536 contrane

45 582 67 629 ἵ
95 579 98 583 ’
128 585 301 659 connubia,
325 580 426 646 veluti
455 584 691 645 oveserrantes
709 598 779 642 oum
797 578 879 642 omni
898 579 1032 642 caritate
1050 584 1083 640 et
1098 576 1219 644 mansu·

92 752 104 782 l,
128 691 242 770 tudine⁸
257 705 413 773 quaerere
431 684 599 762 debemus,
617 689 687 768 qui,
714 687 740 749 si
757 685 902 750 illustrati
929 685 1033 766 gratia
1060 684 1176 756 diviua,
1195 700 1219 745 'a

65 856 69 861 .
127 799 221 872 lacti,
239 797 321 881 quod
338 796 486 863 iniectum
502 794 570 857 fieri
596 773 727 876 nequit,
745 795 955 876 poenitentes,
974 780 1100 855 Christo
1119 794 1219 874 eiusqu·

87 933 91 939 ’
128 905 294 987 Ecclesiae
310 898 509 994 reconciliari
526 901 700 982 cupierint,
717 902 841 965 minime
856 898 1052 980 repellendi,
1070 894 1219 980 imopo'tit

23 1060 28 1069 .
129 1013 236 1076 verbis
252 1011 283 1074 S.
300 1011 381 1074 Petri
398 1008 576 1092 alloquendi
593 1016 683 1071 sunt:
708 1009 910 1090 poenitemini
928 1008 1044 1095 igitq'r',
1062 1015 1094 1070 et
1111 1024 1219 1071 conver

29 1120 34 1127 ’
65 1162 71 1170 -
96 1163 102 1190 ,
132 1121 250 1193 limini,
274 1126 309 1181 ut
325 1117 490 1181 deleantur
516 1123 644 1198 peccata
670 1110 787 1178 vestra.
804 1116 874 1179 Act.
893 1114 924 1192 3,
944 1115 994 1177 19.
1013 1115 1101 1188 Quae
1117 1122 1150 1177 ut
1164 1113 1219 1177 lian

136 1233 321 1307 sequentem
337 1226 373 1303 in
384 1222 643 1304 complementum
656 1211 888 1303 ¹quodammodo
909 1221 1045 1285 Nostrae
1060 1219 1219 1300 Encyclica

45 1400 58 1416 ἱ,
131 1332 290 1413 Epistulae
307 1331 347 1395 de
363 1330 415 1395 die
431 1330 497 1394 27..
508 1331 643 1412 Augusti
671 1329 766 1392 1840.
783 1330 934 1392 tradimus
950 1320 1219 1421 Vobis-instructi(

78 1435 95 1443 ”
132 1459 222 1512 nem,
250 1436 287 1500 ad
314 1457 446 1519 eamque
472 1435 677 1508 servandam,
697 1437 900 1518 quoadusque
926 1437 983 1499 hac
1009 1438 1040 1498 in
1066 1424 1219 1514 repleuit

11 1624 19 1637 ι
44 1563 54 1639 .'
93 1592 96 1597 ,
134 1548 227 1611 Sacra
244 1544 341 1607 Sedes
358 1543 543 1626 Apo'stolica
560 1534 752 1619 definiuerit,
767 1544 962 1608 authoritate
978 1543 1093 1606 Nostra
1111 1540 1219 1623 AEppa

134 1655 316 1716 universum
328 1650 452 1733 Clarum
470 1652 635 1731 utriusque
643 1650 928 1714 Archidioeceseos
945 1632 1122 1732 obligamus
1139 1649 1219 1729 vigor

79 1750 81 1755 ⁵
112 1748 357 1840 praesentium.
916 1832 921 1837 .

148 1927 151 1933 ,
225 1842 361 1941 1,.ουοά
379 1871 498 1959 spectat
515 1866 671 1929 connubia
689 1865 803 1938 mixta,
829 1885 845 1928 a
864 1863 1032 1926 Catholicis
1059 1881 1168 1926 coram
1192 1879 1219 1922 nr

14 1974 30 2077 μ’
65 2026 69 2034 .
134 1977 232 2037 nistro
250 1973 427 2063 acatholico
444 1974 540 2053 inita,
557 1974 607 2036 vel
623 1973 702 2054 proh
719 1972 827 2036 dolor!
855 1972 892 2034 ab
911 1970 1089 2034 errantibus
1103 1966 1219 2032 ineund

95 2106 99 2115 ·
137 2098 200 2144 non
218 2060 310 2143 aliter
326 2081 571 2153 sentimus‚·nec
588 2081 678 2145 aliam
696 2083 936 2161 pronunciamus
954 2072 1140 2155 doctrinam,
1155 2092 1219 2160 prat

1 2169 2 2176 ἵ
31 2202 35 2209 “
135 2194 278 2268 terquam
294 2184 376 2249 illam
390 2185 529 2250 Visibilis
546 2185 661 2266 Capitis
672 2186 836 2249 Ecclesiae
848 2182 1219 2264 etSacrae-Sedis'hpostt

99 2348 103 2361 .
134 2295 215 2367 linae
233 2293 441 2357 decisionem:
467 2292 642 2356 huiusmodi
659 2296 853 2358 matrimonia
871 2293 978 2357 illicita
998 2292 1142 2375 quidem,
1160 2296 1219 2370 atqt

17 2412 33 2486 ,ᾗ
60 2431 65 2437 -
133 2398 378 2480 peccaminosa,
405 2408 615 2464 verumtamen
632 2402 659 2464 si
676 2401 791 2463 nullum
808 2400 891 2464 aliud
907 2399 1055 2463 dirimens
1074 2399 1178 2462 obstet
1189 2396 1219 2456 ln

135 2507 365 2590 pedimentum,
391 2515 459 2571 rata
476 2516 571 2589 atque
587 2507 690 2570 valida
716 2527 808 2586 essc3
834 2507 916 2571 unde
938 2514 968 2569 et
984 2505 1091 2588 proles
1109 2524 1152 2567 ex
1167 2504 1219 2566 hia«

138 2616 293 2695 coniugiis
319 2623 484 2707 suscepta,
511 2615 608 2679 veluti
636 2634 676 2677 ex
694 2616 832 2698 legitimo
850 2615 942 2680 thoro
960 2621 1049 2686 orta,
1067 2604 1219 2694 repotnnd

47 2726 53 2774 ’.
137 2721 317 2801 Baptismus·
328 2725 457 2801 insuper
474 2723 634 2787 infantium
651 2731 795 2787 natorum
812 2742 852 2785 ex
869 2720 923 2785 tali
939 2721 1145 2798 matrimonio,
1162 2738 1179 2780 a
1194 2710 1218 2779 S

139 2826 269 2890 cerdote
295 2831 326 2890 in
349 2829 492 2892 Ecclesia
519 2831 678 2894 Catholica
703 2839 777 2895 tunc
802 2830 1083 2903 administrandus,
1117 2831 1145 2892 si
1166 2829 1219 2910 pai

12 3000 33 3027 Ι,
138 2933 233 2996 fuerit
258 2935 450 3009 catholicus,
476 2937 527 2999 vel
553 2941 579 3001 si
600 2945 689 3018 pater
706 2938 895 3001 acatholicus
923 2935 1087 3002 Sacerdoti
1109 2935 1219 3001 obtule

64 3090 67 3095 .
140 3057 330 3107 consensum
347 3043 420 3126 lege
434 3044 521 3134 civili
538 3045 781 3129 praescriptum,
798 3048 828 3107 in
846 3046 933 3109 libris
950 3046 1177 3126 baptisatorum
1192 3062 1219 3105 u

24 3192 26 3197 -
106 3208 109 3213 ,
138 3147 231 3213 tanda
247 3168 342 3214 causa
361 3158 391 3213 el
412 3153 558 3215 motivum
585 3153 790 3217 administrati
815 3155 907 3218 huius
923 3153 1129 3236 baptismatis.
1145 3149 1214 3213 lnla

64 3287 69 3297 =
139 3257 219 3319 tibus
237 3257 371 3339 denique
388 3258 569 3341 baptisatis,
587 3268 659 3322 ante
677 3277 775 3323 annos
793 3260 992 3323 discretionis
1009 3261 1072 3321 vita
1083 3256 1207 3320 'iunctis

29 3424 51 3450 ·.·
140 3364 345 3430 Coemeteriis
362 3365 593 3431 Catholicorum
609 3367 769 3451 sepultura
787 3387 848 3431 non
867 3365 1061 3448 deneganda.

8 3460 23 3473 ”
42 3489 45 3497 ·
91 3463 94 3467 ’
113 3496 116 3501 ·
227 3471 258 3532 2.
275 3470 358 3555 Erga
374 3491 529 3556 personas
545 3475 725 3551 catholicas,
737 3493 817 3558 quae
829 3481 939 3539 contra
955 3473 1120 3537 Ecclesiae
1131 3473 1219 3535 doctr

1 3567 2 3572 ’
74 3602 77 3606 ·
141 3593 230 3653 nam,
254 3577 444 3660 suorumque
470 3581 665 3645 sacerdotum
692 3585 805 3645 monita
824 3588 853 3644 et
879 3581 1044 3645 suasiones
1061 3582 1219 3643 matrimor

40 3754 43 3761 Ι
108 3729 120 3739 ,.
140 3681 261 3756 taliter,
277 3691 311 3745 ut
328 3684 480 3759 diximuS,
498 3689 741 3762 contrahentes,
766 3709 829 3752 non
846 3695 962 3751 tantum
979 3686 1144 3749 Ecclesiae
1161 3684 1219 3749 dist

25 3782 28 3786 ’
140 3788 255 3868 plinam
280 3789 491 3869 vilipendunt,
518 3792 574 3855 sed
592 3801 623 3856 et
639 3802 803 3874 suspectos
820 3811 891 3857 sese
918 3794 1053 3858 reddunt
1069 3793 1219 3858 indillerer

140 3897 222 3959 tismi
248 3915 324 3978 erga
349 3915 436 3960 suam
466 3899 670 3981 religionem,
704 3902 854 3965 eiusmodi
880 3900 1014 3984 gerendi
1040 3902 1173 3974 modus,
1205 3920 1219 3982 q

121 4044 124 4053 ι
141 4011 290 4084 respectu
307 4004 473 4068 cuiuslibet
490 4024 507 4068 a
524 4010 574 4071 via
592 4009 700 4071 salutis
727 4010 921 4085 aberrantis,
949 4008 1175 4073 observandus.
1198 4008 1217 4072 S

142 4111 256 4173 cordos
274 4129 384 4194 nempe
400 4130 459 4194 qua
476 4115 617 4177 minister
633 4113 766 4189 Christi,
796 4120 847 4201 qui
864 4136 926 4180 non
943 4120 1029 4180 venit
1046 4120 1167 4180 animas
1183 4133 1219 4197 pe

143 4215 237 4289 dere,
254 4218 311 4279 sed
327 4218 450 4284 saltare
467 4221 558 4294 (Luc.
575 4222 606 4301 9,
628 4222 710 4296 eh),
728 4224 904 4288 nullatenus
931 4224 1096 4308 impediat,
1124 4226 1219 4305 quinia

141 4339 199 4403 pro
215 4340 310 4404 posse
326 4334 510 4404 promoveat
527 4333 765 4392 conversionem
784 4350 906 4405 earnm,
925 4332 981 4394 sub
998 4320 1149 4415 nulloque
1165 4349 1219 4413 pra

142 4435 231 4493 textu
248 4439 425 4508 praesumat
436 4452 618 4515 quemquam
633 4454 692 4518 qua
704 4440 996 4502 excommunitatum
1008 4437 1133 4523 publice
1144 4456 1220 4503 ranu
