2798 4852
557 222 907 389 ²..··.·3m‚‚.‚..³5

142 470 355 555 polica-relat
365 479 469 535 matos
487 436 637 533 Pastores
655 444 794 548 copulati
805 442 966 547 suerunt,—
976 481 1040 546 pra
1056 466 1260 546 conflamando

51 606 69 642 .·
143 584 350 647 matrimonio
368 600 406 644 eo
421 580 549 666 impiare
565 576 731 648 mouerint,
747 584 781 639 at
791 593 827 637 sc
840 593 901 656 per
915 574 1281 650 conoermemtemima

1 679 3 766 J
56 696 59 701 '
145 690 233 751 etum
252 684 449 751 Catbaticam
462 688 495 750 in
516 685 752 748 matrimonium
768 683 862 767 inopi
884 682 1037 762 fanianu
1062 713 1111 730 —-
1131 682 1171 725 '-·
1198 697 1273 745 con.

32 784 52 873 J
90 793 105 881 s
143 796 358 858 traveniantes
375 810 451 858 vero
468 791 623 875 parochos
640 789 726 855 velut
743 774 917 875 ditioribus.
931 787 1198 854 ordinationibus
1210 807 1276 883 aon*

31 954 38 967 .
84 904 91 915 ’
142 900 594 983 obtemperanteseondignae
611 895 874 962 animadversioni
891 896 1087 968 subiiciunt,
1116 915 1156 970 ac
1185 913 1265 977 super

60 1065 63 1069 .
145 1008 236 1072 iactis
253 1010 285 1072 in
301 1008 544 1091 praemissorum
570 1006 792 1107 conformitate
807 1007 873 1069 suis
891 1005 1162 1086 dispositionibus
1181 1020 1265 1088 penes
1287 1030 1290 1036 ·

89 1177 92 1181 .
143 1115 384 1179 submissionem
400 1115 511 1202 copiae
528 1112 863 1188 ordinationisadsibi
876 1111 1102 1199 subordinatas
1118 1112 1264 1194 parcebas

40 1276 45 1283 .
143 1222 175 1285 in
191 1222 349 1286 substrato
365 1222 468 1285 editae
485 1236 588 1304 usque·
602 1221 655 1285 15.
674 1221 807 1286 affuturi
824 1220 938 1285 mensis
964 1237 1073 1286 caram
1083 1220 1198 1304 ,Regio
1212 1218 1264 1284 ilo·

54 1310 60 1325 '
81 1406 86 1413 ι
144 1329 260 1393 bornio
281 1336 381 1392 semet
400 1331 549 1393 ineruisse
557 1328 745 1413 legitimare
755 1328 836 1400 baud
854 1327 1049 1396 intermittat.
1068 1327 1164 1400 Quod
1174 1327 1266 1392 taliter

11 1400 26 1465 Ῐ
63 1436 79 1467 ’·
143 1434 324 1517 dispositum
334 1436 445 1505 baben
455 1434 531 1501 lixo.-
540 1436 623 1500 Vnae
633 1454 692 1520 pro
703 1452 848 1520 congruo
860 1437 992 1502 notitiae
1003 1443 1092 1500 statu
1104 1433 1265 1520 praesenti

62 1576 68 1585 ·
125 1536 200 1605 'bus
216 1540 435 1625 perscribitur.
460 1544 496 1607 ln
522 1543 645 1628 reliquo
671 1543 762 1609 solita
779 1545 1003 1608 veneratione
1016 1560 1189 1608 manemus
1203 1543 1264 1608 lise

47 1670 52 1679 ·
135 1650 228 1720 'llrae
246 1651 513 1735 obligatissimiR.
529 1648 751 1717 Βιιιοιέιιιιιίιιι
769 1651 904 1717 blicbael
919 1650 999 1716 Sala.

24 1802 44 1841 .;,
94 1793 125 1829 ¹.
202 1757 280 1821 Ad
292 1758 422 1822 Com1t1a
439 1759 561 1824 demum
586 1778 614 1823 a.
633 1758 729 1825 1837.
756 1780 788 1825 in
803 1761 953 1824 Liberam
977 1760 1147 1824 Civitatem
1163 1720 1266 1825 0111ιὶ-

14 1882 17 1887 ·
114 1883 254 1957 ‘ensem
270 1865 385 1931 indicta
402 1866 476 1941 tale,
494 1869 586 1949 quale
602 1871 692 1933 initia
708 1869 816 1932 barum
833 1867 1088 1959 Rellexionum'
1079 1887 1146 1933 iam
1164 1870 1266 1933 indua·

87 2020 91 2031 .
146 1970 227 2037 aturir
243 1979 302 2048 est,
318 1966 515 2057 Rescriptum
531 1974 734 2049 submissum¹
749 1978 872 2071 sustitit
886 1977 950 2040 :in
968 1993 1031 2059 quo
1048 1977 1116 2043 Sua
1134 1976 1279 2055 llaiastas·

34 2121 50 2171 1»
78 2081 86 2090 ”
106 2155 109 2161 ,
148 2080 240 2146 sima
256 2099 356 2162 panes
370 2083 589 2165 remissionem
606 2081 820 2164 Articulorum
847 2087 919 2150 anni
941 2083 1038 2147 1811.
1055 2087 1265 2149 meritum-re·

11 2262 15 2269 ,
84 2174 88 2183 ’
121 2180 359 2272 Ἰἰςὶοιιιι1ιιιιι,
371 2192 544 2272 signanter
554 2191 721 2254 mixtorum
739 2191 1018 2284 matrimoniorum
1030 2209 1143 2256 novae
1160 2190 1264 2255 discus·

1 2331 7 2340 ·
60 2368 64 2376 ,
146 2295 227 2362 sioni
244 2297 374 2370 subiici,
393 2304 521 2363 etnova
537 2290 643 2383 legum
661 2299 818 2387 projecta,
840 2297 1115 2381 quaeprincipiis
1133 2297 1263 2400 Religio·

3 2404 9 2419 “
103 2462 108 2471 ,
148 2405 524 2489 numlegereceptarum
549 2423 612 2470 non
629 2396 867 2490 adversentur,-
889 2408 1109 2481 conscientiae
1138 2410 1263 2473 v1mnon

22 2510 42 2553 -'
151 2512 296 2586 inierant,
309 2520 345 2576 et
361 2513 400 2575 ad
417 2508 645 2595 assequendum
656 2531 791 2595 scopum
809 2515 897 2577 salva
919 2522 1127 2596 receptarum
1144 2514 1264 2597 religie-

147 2639 221 2684 num
238 2619 333 2701 legali
351 2623 538 2700 aequalitate
551 2609 710 2704 aptissimo
722 2623 822 2686 media
835 2622 1104 2734 complectantur,
1122 2622 1264 2688 sanctioni

45 2787 47 2791 ,
149 2744 225 2792 suae
241 2727 359 2811 Regiae
377 2729 536 2793 substerni
552 2729 654 2793 iussit.

234 2834 284 2897 Ad
300 2833 338 2896 ll
355 2836 455 2916 Lepas
471 2837 509 2898 de
526 2837 721 2917 aequalitate
746 2846 884 2918 quatuor
909 2848 1118 2920 receptarum
1136 2838 1265 2921 Religio-

144 2961 230 3004 num.
253 2939 380 3024 teges,
407 2944 518 3024 quibus
544 2945 720 3026 aequalitas
746 2948 858 3010 iuriurn
878 2954 909 3010 et
934 2944 1069 3010 liberum
1089 2949 1264 3012 exercitium

145 3056 278 3130 quatuor
294 3058 493 3132 receptarum
510 3052 706 3135 Religionum
723 3055 885 3129 innititur,
912 3062 986 3118 sunt
1012 3063 1212 3136 sequentes:
1234 3057 1263 3127 a)

32 3154 41 3243 ’ἱ
142 3156 280 3238 Approb.
297 3159 427 3222 constit.
444 3157 511 3250 P.l,
526 3162 573 3225 tit.
585 3161 615 3226 1.
626 3169 686 3224 ιιι.
705 3163 735 3226 2.
754 3169 887 3243 quatuor
902 3164 1080 3246 religiones
1099 3167 1133 3230 in
1148 3164 1257 3228 Trans·

144 3264 275 3329 silvania
301 3268 445 3348 sequenti
472 3266 583 3330 ordine
609 3276 760 3354 receptae
786 3269 1005 3341 declarantur:
1031 3272 1259 3349 „Quatuorre-

68 3410 71 3415 -
143 3372 447 3456 ceptaeReligiones
464 3375 594 3454 posthac
622 3378 713 3439 etiam
742 3383 773 3439 ct
799 3377 829 3438 in
854 3385 1020 3460 pepetuutn
1052 3397 1117 3463 pro
1135 3379 1260 3461 receptis

96 3486 99 3491 '
125 3481 324 3558 babeaniur,
341 3483 427 3546 iuxta
444 3482 630 3549 laudabilem
647 3503 765 3550 nrorcnt
783 3484 933 3551 Maiarum
952 3495 1139 3553 nostrorum
1168 3487 1256 3551 lelicis

128 3589 375 3653 recordationis
385 3610 401 3667 ;Ἰ
413 3588 442 3650 id
461 3590 543 3670 quod
560 3593 658 3674 ipsius
669 3591 790 3656 Patriae
808 3612 970 3660 commune
986 3596 1225 3681 bonum,prout
1238 3598 1263 3655 et

144 3697 389 3761 Constitutiones
406 3696 516 3778 Regni,
534 3705 627 3778 atque
651 3698 787 3763 Uniancs
805 3701 1119 3784 exigunt-Quatuor
1143 3706 1190 3767 his
1213 3717 1259 3762 re-

4 3826 11 3837 *
32 3786 66 3907 f,
84 3882 94 3892 ,
144 3805 241 3885 ceptis
258 3804 485 3886 Religionibus,
503 3812 610 3887 utpote
622 3807 1048 3889 Euangeliou-Reformatae
1067 3809 1184 3894 (vulgo
1197 3805 1257 3872 Cal·

141 3913 312 3989 vinianae),
328 3913 528 3976 botberanae
546 3916 635 3988 (sive
652 3916 887 3999 Augustanae),
905 3918 1257 3986 Romana-Catltalieae,

144 4021 310 4082 lloitariae
341 4023 426 4093 (sive
452 4020 881 4098 Antitrtnitanaettiberum
913 4026 1103 4092 exercitium
1137 4032 1167 4094 in
1193 4026 1256 4091 locis

141 4127 224 4190 iuxta
243 4127 486 4193 constitutiones
504 4130 603 4213 Regni
621 4132 722 4196 solitis
739 4133 871 4214 posthac
887 4153 1012 4216 quoque
1037 4138 1252 4203 concedatur.“

20 4247 26 4307 J
144 4234 212 4297 Art.
229 4232 259 4295 3.
278 4235 439 4300 innovatio
459 4239 488 4300 in
505 4238 566 4301 fide
592 4238 810 4316 interdicitur,
837 4243 868 4304 in
891 4250 1027 4308 enema
1056 4252 1162 4311 tamen
1183 4245 1255 4319 dire-

23 4422 27 4429 ·
143 4343 246 4404 ctione
272 4341 489 4408 Ecclesiarum
520 4350 765 4416 constitutiones
793 4349 906 4414 edendi
932 4352 1071 4423 incultas
1104 4357 1253 4419 tribuitur:

13 4474 17 4479 ·
117 4448 294 4559 Ι,,Ριιιιιιειι
320 4458 452 4530 quatuor
475 4439 836 4540 re'ceptas'ttengiones
871 4461 903 4523 in
928 4458 1085 4527 Articulis
1118 4462 1188 4529 [idei
1211 4459 1250 4525 iel
