2798 4852
501 230 748 303 ..oea-

57 425 97 490 ad
123 423 201 489 illud
226 423 414 488 humillimae
438 424 720 501 demonstrationis
738 430 804 507 'per
828 424 933 489 Status
950 433 981 488 et
998 421 1062 490 00.
1079 425 1183 509 Regni

57 550 138 616 erga
147 531 382 615 praelaudatam
392 533 422 594 b:
439 532 672 596 Resolutionem
683 532 718 601 li.
731 531 802 595 Mai.
815 532 898 595 Vrae
911 531 1026 596 SSmae
1043 533 1178 598 demisse
1209 585 1217 601 ff

55 641 240 703 substratae
266 645 442 712 assertum,
469 657 530 720 quo
557 638 748 702 affirmatur:
773 640 985 722 Evangelieae
1001 639 1179 722 Religionis

54 747 197 833 associas
213 747 373 829 proposita
399 764 456 828 per
483 745 614 809 eandem
632 747 660 808 b.
677 745 911 809 Resolutionem
936 747 971 808 il.
990 746 1183 829 pangendo-

53 873 128 918 rum
143 852 184 915 de
198 855 378 916 nasciturae
405 871 481 915 suae
508 851 626 916 sobolis
657 848 810 935 religiosa
837 853 1024 915 educatione
1051 860 1183 916 contra·

55 968 164 1024 ctuum
180 960 333 1023 facultate
350 976 464 1022 usuros
482 977 639 1047 neeesse,
657 977 726 1021 eum
744 962 870 1039 quasvis
888 958 1063 1023 huiusmodi
1080 960 1182 1040 stipu-

54 1068 192 1130 lationes
223 1066 364 1129 libertati
402 1065 667 1129 conscientiarum
699 1084 880 1149 repugnare
912 1066 1053 1129 credant.
1094 1064 1183 1140 Quod

54 1182 218 1255 utcunque
235 1191 270 1235 se
287 1173 402 1235 habeat
418 1172 520 1236 relate
537 1172 575 1235 ad
592 1173 815 1245 Protestantes‚
835 1173 905 1235 dum
923 1171 961 1235 de
978 1175 1080 1255 pactis
1098 1174 1183 1236 cirea

53 1281 242 1363 religiosam
268 1279 401 1362 prolium
428 1279 648 1342 educationem
674 1297 731 1361 pro
754 1282 891 1362 ipsorum
907 1279 1017 1343 favore
1036 1278 1183 1343 ineundis

56 1387 186 1469 agitur:
206 1386 303 1471 ‘nobis
329 1385 416 1447 firma
433 1404 557 1465 semper
573 1393 677 1449 manet
694 1388 849 1449 convictio
867 1386 937 1447 illa:
963 1387 1182 1450 eonscientiae

52 1481 234 1556 libertatem
250 1494 408 1572 proposita
426 1509 482 1572 per
498 1490 663 1574 RegniSS.
676 1499 706 1554 et
717 1489 781 1553 00.
794 1494 851 1554 suh
862 1491 1019 1572 prioribus
1037 1492 1180 1557 comitiis

55 1600 244 1681 imperativa
260 1597 334 1680 lege
351 1598 448 1680 louge
465 1602 566 1681 magis
583 1599 757 1671 coarctari,
774 1597 953 1661 facultatem
972 1597 1010 1660 de
1029 1597 1183 1662 catholica

53 1702 192 1786 prolium
217 1704 405 1767 educatione
430 1708 462 1768 iu
486 1705 628 1768 favorem
655 1706 799 1786 coniugis
827 1705 998 1768 catholicae
1023 1706 1182 1769 statuendi
1224 1777 1227 1784 ,

55 1810 219 1892 principiis
237 1829 273 1872 ae
298 1810 435 1873 libertati
463 1813 680 1873 conscientiae
705 1811 970 1894 Evangelicorum
993 1845 1033 1856 -
1052 1813 1184 1875 salutem

55 1920 89 1980 in
118 1915 257 1998 qualibet
274 1920 427 1980 societate
445 1919 613 1980 christiana
640 1918 776 1982 obtineri
802 1936 895 2001 posse
921 1919 1116 1982 credentium
1140 1950 1185 1962 —-

56 2026 200 2107 apprime
217 2040 414 2104 congruere„
434 2030 466 2085 et
482 2022 553 2086 ideo
572 2020 744 2086 catholicas
761 2026 917 2106 coniuges
934 2041 992 2088 suo
1011 2025 1050 2086 de
1067 2024 1181 2088 catho-

53 2130 118 2193 lica
134 2130 264 2212 prolium
283 2130 471 2192 educatione
498 2128 702 2192 conformiter
719 2129 1004 2192 fundamentalibus
1021 2094 1193 2194 salvificat?

55 2254 136 2299 suae
161 2235 235 2299 fidei
259 2235 420 2316 principiis
446 2235 626 2318 paciscendi
652 2238 721 2298 iure
747 2254 787 2298 ne
813 2243 887 2298 tune
914 2237 1038 2316 quidem
1057 2238 1184 2302 destitui

55 2359 175 2427 posse,
200 2345 227 2405 si
244 2341 348 2424 legem
364 2342 501 2425 perferri
519 2345 739 2422 contingeret,
771 2361 851 2423 quae
869 2339 1088 2407 educationem
1105 2363 1184 2427 pro-

54 2453 131 2515 lium
147 2452 179 2513 in
195 2450 306 2532 regula
324 2453 355 2512 in
372 2452 470 2531 patris
488 2449 646 2530 religione
663 2451 881 2513 instituendam
898 2453 1110 2532 praeciperet.

149 2559 183 2629 c)
211 2558 286 2619 Cum
304 2556 400 2619 ductu
416 2556 446 2617 h.
464 2555 556 2617 huius
572 2554 786 2618 Resolutionis
803 2555 837 2616 ll.
856 2555 990 2618 ineunda
1008 2576 1064 2638 per
1081 2574 1180 2638 spou-

57 2681 115 2728 scs
131 2665 246 2724 mixtae
263 2661 430 2742 religionis
456 2662 684 2724 matrimonium
702 2660 893 2722 contrahere
909 2660 1051 2723 volentes
1069 2661 1108 2723 de
1124 2681 1183 2725 rc·

56 2769 175 2850 ligiosa
191 2769 321 2849 prolium
349 2767 537 2833 educatione
553 2774 642 2849 pacta
660 2766 804 2848 perfeeto
818 2767 1024 2847 privatorum
1050 2776 1181 2832 contra·

53 2884 161 2938 aluum
179 2883 210 2937 et
235 2875 470 2956 stipulationum
497 2877 608 2956 vigore
634 2877 784 2956 gavisura
810 2877 891 2949 sint,
918 2882 1013 2958 atque
1040 2874 1120 2938 adeo
1148 2876 1180 2938 iu
1239 2872 1255 2887 ²

35 2987 213 3067 ,potestate
231 2983 397 3059 coniugum
424 2979 569 3040 stiturum
586 2979 643 3049 sit,
670 2985 704 3039 ut
719 2981 811 3041 subin
836 2990 943 3045 mutuo
962 3001 1124 3045 consensu
1141 2985 1180 3045 ab

54 3084 134 3156 inita
158 3085 335 3148 huiusmodi
352 3085 554 3167 stipulatione
586 3082 756 3147 recedant:
782 3086 968 3164 praevidere
987 3096 1035 3149 est
1066 3088 1180 3150 multos

54 3190 208 3254 eiusmodi
225 3208 317 3254 casus
335 3198 514 3252 emersuros
532 3207 623 3262 esse,
640 3189 800 3267 inquibus
818 3191 965 3252 mulieres
983 3192 1169 3267 catholicae,

52 3315 137 3379 quae
152 3314 250 3377 penes
266 3300 394 3377 praevie
411 3298 586 3378 stipulatam
603 3295 776 3358 catholicae
794 3298 926 3358 omnium
944 3276 1176 3379 nasciturorum

56 3403 194 3481 prolium
222 3387 416 3465 educationis
443 3403 655 3465 conditionem
680 3409 870 3481 nupserant,
897 3404 1036 3481 quaesito
1052 3405 1112 3465 hac
1130 3409 1180 3468 via

56 3512 117 3574 iuri
134 3529 192 3573 suo
218 3510 255 3572 ad
283 3511 464 3572 salvandam
491 3509 693 3573 domesticam
710 3508 962 3588 tranquillitatem
979 3513 1180 3585 renunciare,

57 3623 264 3697 coeptamque
281 3621 341 3678 iam
358 3617 502 3679 fortassis
520 3615 689 3678 liberorum
707 3633 833 3678 suorum
852 3615 1036 3678 catholicam
1054 3617 1175 3680 educa·

55 3725 437 3802 tioneminterrumperre
463 3729 637 3803 cogentur,
668 3739 736 3782 cum
764 3724 881 3804 ingenti
898 3723 1009 3786 horum
1026 3725 1181 3805 spirituali
1223 3780 1226 3784 .
1299 3782 1325 3813 .-

57 3829 264 3901 detrimento‚
291 3847 327 3888 ae
353 3830 445 3907 gravi
473 3830 570 3906 ipsius
596 3830 689 3889 etiam
715 3827 877 3890 Ecclesiae
896 3829 1084 3903 Catholicae,
1103 3849 1181 3911 quae

55 3936 114 3997 hac
132 3951 188 4017 spe
207 3936 244 3996 ad
263 3934 494 3996 benedicendas
522 3952 626 3996 earum
648 3936 773 4014 nuptias
791 3936 944 4008 accessit,
973 3935 1180 4016 praeiudicio.

56 4043 183 4115 Quanta
201 4042 314 4103 isthinc
332 4041 511 4121 profluxura
530 4043 591 4102 sint
606 4043 689 4103 iuter
706 4040 841 4121 disparis
852 4042 1015 4123 religionis
1027 4046 1181 4125 coniuges

57 4148 231 4220 disturhia‚
264 4148 387 4226 quantis
419 4164 647 4229 saepenumero
674 4149 734 4209 siut
767 4150 972 4230 exponendae
1005 4151 1181 4214 catholicae

55 4254 207 4316 mulieres
230 4255 493 4332 impetitionibus,
519 4271 609 4331 quam
627 4254 769 4315 funestas
787 4254 898 4336 crebra
915 4257 1086 4338 religiosae
1101 4258 1182 4340 'pro-

56 4361 131 4423 hum
149 4359 342 4425 educationis
370 4360 514 4424 alteratio
533 4361 570 4421 sit
586 4360 723 4440 paritura
740 4361 904 4440 sequelas:
929 4365 1084 4448 colligere
1101 4388 1178 4450 pro-
