2798 4852
581 350 632 363 -·-
662 309 735 383 49²1
773 355 815 368 -

133 505 238 586 legiS,
267 505 356 567 cuius
380 503 634 565 ratihabitionem
659 503 762 567 Status
789 509 819 564 et
845 500 908 563 00.
935 503 1094 581 praesenti
1119 501 1263 584 Reprae-

137 604 323 673 sentatione
339 627 395 673 sua
414 607 517 672 denuo
534 617 642 671 ettam
659 607 805 672 absolute
821 608 1003 680 sollicitant,
1022 608 1193 691 spectando
1209 601 1263 672 inss

134 718 248 802 primis
273 717 407 799 projecti
434 716 524 778 istius
549 720 601 788 §§.
625 715 652 776 l.
668 715 700 778 4.
718 724 749 778 et
766 719 796 777 5.
815 734 921 778 casum
939 718 970 779 in
987 715 1091 788 illum,
1118 718 1145 778 si
1162 718 1267 796 reipsa

134 827 170 889 in
185 823 292 906 legem
308 822 417 896 abiret,
434 821 592 901 Religioni
611 821 790 886 Catholicae
806 821 900 885 multo
919 821 1020 884 adhuc
1046 822 1144 884 maius
1170 838 1267 904 prae-

134 930 288 994 iudicium
305 936 501 1002 creaturum,
519 947 609 1010 quam
626 929 723 1010 ipsam
738 929 975 994 Resolntionem
991 928 1141 1013 Regiam,
1159 928 1210 990 vel
1229 947 1268 993 ea

135 1037 233 1102 unice
248 1056 288 1099 ex
303 1039 440 1111 ratione,
460 1036 560 1118 quod,
579 1036 650 1098 dum
666 1036 829 1100 Resolutio
845 1035 879 1097 R.
897 1035 1080 1118 parentibus
1100 1035 1267 1099 catholicis
1342 1034 1345 1039 “

134 1145 168 1208 in
185 1145 292 1209 mixtis
318 1146 522 1207 matrimoniis
547 1143 655 1227 proles
682 1162 755 1208 suas
772 1143 804 1206 iu
821 1142 996 1205 acatholica
1021 1143 1114 1205 etiam
1131 1141 1264 1204 contes-

134 1251 232 1315 sione
250 1248 402 1317 educandi
415 1250 594 1313 facultatem
605 1250 725 1324 tribuit,
743 1268 780 1311 ac
791 1251 882 1331 proin
898 1251 947 1312 rei
962 1249 1053 1312 huius
1070 1248 1265 1313 decisionem

134 1361 279 1439 ipsorum
295 1366 458 1439 parentum
475 1357 602 1420 arbitrio
619 1356 777 1437 relinquit,
794 1358 972 1420 Proiectum
988 1354 1071 1437 legis
1087 1358 1148 1417 hoc
1164 1357 1265 1438 ipsum

133 1456 322 1546 parentibus
349 1468 448 1528 instar
474 1465 674 1545 obligationis
700 1465 845 1542 imponat.
871 1463 948 1526 Huic
974 1461 1070 1544 igitur
1087 1462 1169 1545 legis
1185 1479 1265 1543 pro·
1369 1538 1372 1543 1

133 1574 236 1644 iecto,
258 1571 423 1653 signanter
441 1573 532 1646 §§-is
547 1571 574 1634 l.
586 1569 616 1631 4.
629 1577 658 1633 et
669 1571 700 1631 5.
713 1577 786 1634 voto
798 1587 866 1632 meo
880 1569 1036 1633 accedere
1048 1588 1111 1634 non
1122 1585 1264 1645 possum.

663 1781 750 1855 606.

132 1972 407 2043 Repraesentatto
419 1971 611 2050 Praesnlum
624 1970 727 2040 Regni
737 1971 779 2026 ad
789 1970 925 2040 Regiam
935 1969 1138 2029 Maiestatem
1151 1971 1268 2026 adver·

132 2076 194 2119 ans
217 2061 461 2119 Resolullonem
483 2062 522 2118 R.
537 2062 567 2118 d.
582 2062 612 2116 5.
625 2060 703 2116 Julit
716 2061 806 2134 1843..
820 2063 1020 2128 emanatam,
1043 2061 1097 2141 dd.
1110 2061 1161 2118 29.
1175 2063 1269 2134 Sept.

577 2149 668 2207 1843.
689 2149 833 2234 dlmtssa.

227 2316 445 2380 Sacratissima
464 2323 523 2381 etc.
539 2313 702 2392 Eximium,
720 2316 805 2379 avita
820 2313 983 2398 Augustae
1000 2316 1082 2380 Suae
1099 2319 1267 2399 prosapiae

132 2426 256 2506 pietate
283 2422 429 2506 dignum,
456 2424 709 2504 sempiternaque
735 2425 883 2485 memoria
899 2422 1101 2486 recolendum
1119 2424 1263 2505 praebuit

129 2526 284 2591 Maiestas
310 2529 372 2592 Vra
397 2527 490 2594 SSma
507 2529 739 2610 religiosissimi
766 2531 814 2592 sui
832 2531 926 2592 animi
944 2528 1174 2602 documentum,
1192 2529 1265 2593 dum

131 2637 276 2700 triennio
303 2636 415 2699 abhinc
440 2638 471 2698 iu
497 2638 630 2718 negotio
657 2638 773 2698 mixtae
804 2637 969 2718 religionis
996 2639 1263 2699 matrimoniorum

130 2760 196 2808 nos
224 2742 262 2804 ad
289 2740 515 2824 exquirendam
542 2742 744 2824 Apostolicae
776 2741 869 2805 Sedis
903 2744 1091 2805 sententiam
1125 2743 1267 2826 benigne

129 2851 259 2912 inviare
276 2849 401 2932 dignata
425 2854 481 2911 est.
499 2849 573 2911 Post
591 2868 639 2923 ea,
658 2867 738 2931 quae
754 2849 958 2912 Beatissimus
978 2849 1069 2912 Pater
1088 2846 1266 2932 Gregorius

131 2956 192 3021 PP.
209 2955 291 3019 thl.
309 2974 387 3038 erga
405 2957 579 3018 substratas
596 2957 655 3018 sibi
673 2963 811 3032 nostras,
829 2964 1070 3037 nostrorumque
1088 2957 1263 3039 coepisco-

130 3083 246 3147 porum
262 3081 396 3147 preces,
414 3068 562 3143 quantum
588 3061 683 3124 salvis
711 3061 945 3124 invariabilibus
962 3063 1125 3126 Ecclesiae
1143 3065 1267 3128 Catho-
1301 3088 1305 3093 ·

133 3173 217 3236 licae
234 3170 395 3252 principiis
413 3168 639 3248 canonicisque
656 3169 873 3231 sanctionibus
889 3169 1045 3241 licuerat,
1072 3169 1152 3233 Cleri
1170 3171 1264 3235 Hun-
1364 3157 1367 3160 ⁴

133 3279 239 3363 gerici
256 3277 438 3360 indigentiis
455 3282 584 3357 paterne
596 3275 803 3338 subventurus
822 3275 878 3338 sed
896 3283 927 3338 et
944 3273 1088 3358 publicae
1107 3279 1274 3358 tranquil-³

133 3385 218 3448 litati
235 3384 435 3448 consulturus
452 3402 509 3465 per
533 3383 698 3464 Rescripta
724 3381 932 3464 Apostolica,
955 3385 1035 3447 votis
1048 3384 1145 3468 letiam
1162 3384 1266 3447 Maie-

134 3494 229 3556 statis
245 3491 331 3554 Vnae
349 3489 482 3567 SSmae,
499 3497 533 3552 ut
549 3507 734 3567 censemus,
752 3506 913 3567 consona,
932 3496 963 3554 et
979 3508 1077 3570 penes
1094 3490 1263 3572 benignam

134 3597 284 3685 Eipsdem
294 3597 528 3661 Resolotionem
548 3595 1262 3660 nobiscumcommunicataPcntificiodecrevit

136 3706 289 3780 oraculo,
315 3706 537 3784 sperabamus,
564 3705 654 3777 lore,
681 3709 715 3766 ut
732 3704 832 3766 omnis
851 3701 890 3763 de
906 3702 1131 3765 benedicendis
1149 3704 1262 3765 mixtae

134 3814 302 3896 religionis
320 3812 483 3875 connubiis
504 3813 667 3891 quaestio,
685 3810 771 3873 velut
781 3828 827 3872 ex
843 3808 948 3872 indole
965 3824 1021 3870 sua
1040 3808 1077 3870 ad
1095 3809 1264 3891 sphaeram

136 3919 385 3986 ecclesiasticam
411 3919 589 4000 pertinens,
621 3925 652 3980 et
677 3936 732 3999 per
755 3922 983 3996 competentem
1000 3922 1190 3997 potestatem
1207 3933 1263 3978 sa-

137 4046 242 4100 cram,
278 4027 396 4106 absque
422 4025 486 4088 ullo
512 4026 593 4107 legis
619 4024 737 4105 patriae
763 4030 815 4085 aut
842 4023 936 4086 alieni
966 4023 1043 4085 iuris
1069 4023 1265 4102 praeiudicio

137 4137 245 4198 decisa
273 4133 399 4196 tandem
433 4151 491 4214 pro
523 4139 669 4214 superata
701 4132 866 4193 habeatur.
900 4127 991 4211 Spem
1017 4130 1098 4192 hauc
1124 4135 1263 4192 nostram
1300 4130 1302 4134 ’
1330 4130 1332 4134 ’

137 4261 251 4306 vanam
269 4242 366 4303 luisse
383 4247 516 4302 eventus
534 4239 658 4302 docuit:
685 4239 797 4320 quippe
826 4237 877 4318 qui
896 4243 986 4298 antea
1005 4236 1128 4300 Clarum
1146 4237 1186 4298 ob
1203 4253 1263 4298 ne-

137 4355 233 4434 gatos
250 4350 282 4411 in
300 4346 457 4411 sociandis
475 4347 578 4408 mixtis
596 4346 800 4408 matrimoniis
819 4360 926 4406 sacros
942 4345 1022 4407 ritus
1034 4343 1169 4408 violatae
1181 4341 1264 4423 legis
1322 4326 1326 4339 ⁴
1376 4393 1377 4397 ,

140 4455 265 4540 patriae
282 4453 494 4536 postularunt,
511 4471 595 4518 nunc
612 4454 679 4533 ipsa
697 4468 822 4533 quoque
839 4436 997 4516 Pontificio
1015 4450 1179 4531 Rescripta
1197 4447 1266 4513 cur'n
1364 4515 1370 4523 ,
