2798 4852
511 212 823 339 sors--¹

113 459 358 539 sacerdotesque
389 458 544 523 Catholici
573 477 630 539 per
659 459 815 543 publicum
847 457 1016 525 Comitatus
1048 459 1182 525 edictum
1208 467 1242 525 ut

113 565 582 648 violatoreslegnmpatriarum
593 566 694 647 (quad
705 568 830 648 quidem
842 569 953 641 asseri,
964 568 1021 631 sed
1033 567 1243 632 demonstrari
1313 634 1316 641 ,

112 674 234 755 aequit)
267 673 517 757 proclamantur,
548 681 643 753 atque
668 676 877 738 annunciatur
901 675 1017 752 vulgo,
1060 692 1167 738 omnes
1184 689 1242 736 eos

113 798 221 845 sacros
238 780 400 853 Curiones,
411 783 462 860 qui
472 779 739 843 indiscriminatim
751 782 942 844 matrimonia
954 782 1049 844 mixta
1061 797 1123 843 uon
1136 782 1239 843 bene-

113 888 266 964 libuerint,
299 904 358 969 per
382 886 664 961 extraordinariam
688 887 829 952 Sedriam
853 891 886 951 iu
910 905 1037 950 cansam
1057 884 1230 964 vocandos,
1297 942 1302 949 .

113 994 310 1073 nulctaeque
324 995 526 1075 pecuniariae
541 995 635 1056 toties
653 997 776 1075 quoties
794 993 1009 1058 subiiciendos
1027 1012 1111 1057 esse.
1128 993 1234 1076 Spon-
1298 1034 1301 1039 -
1367 994 1370 1002 '

113 1121 165 1166 tae
183 1099 362 1163 catholicae
379 1118 458 1164 voce
475 1099 606 1181 legitimi
617 1103 811 1184 suipastoris
829 1103 1000 1165 animarum
1017 1100 1114 1164 officii
1132 1098 1242 1161 admoss

113 1209 215 1282 ritae,
251 1214 300 1280 et,
327 1210 399 1288 quia
424 1208 550 1289 legibus
575 1208 801 1272 ecclesiasticis
828 1208 1014 1272 satisfacere
1045 1206 1240 1288 refragatur,
1297 1196 1301 1216 “

113 1312 336 1377 benedictione
365 1300 559 1378 'sacerdotali
594 1312 764 1397 indignae,
796 1331 975 1396 sponsoque
1008 1314 1242 1394 protestantico

113 1418 362 1484 oenediotionem
387 1418 564 1502 postulandi
589 1421 658 1484 iure
684 1420 832 1482 destituto
849 1425 1027 1481 ostentatur
1043 1435 1139 1497 spes,
1157 1416 1245 1497 quod
1298 1412 1321 1485 ’,

113 1527 149 1590 id
167 1525 303 1589 eandem
319 1525 554 1606 impertiendam
575 1526 760 1589 sacerdotes
778 1524 924 1589 catholici
941 1523 1052 1585 mulcta
1069 1525 1161 1586 etiarn
1178 1541 1239 1604 pe-

113 1635 254 1697 cuniaria
271 1633 408 1715 cogendi
424 1635 507 1710 siut;
523 1633 607 1698 veris
623 1634 737 1697 intuitu
754 1650 865 1695 sacrae
883 1633 1052 1713 potestatis
1068 1631 1244 1712 principiis,

113 1739 441 1822 patriisquelegibus
468 1739 600 1802 adversa
627 1734 779 1803 asseritur
803 1737 1017 1802 lurisdictioni
1035 1735 1245 1800 comitatensi
1323 1726 1336 1761 ¹
1363 1752 1368 1759 ·

113 1845 153 1909 de
170 1847 268 1910 rebus
282 1849 412 1919 sacris,
439 1849 484 1908 uti
505 1853 554 1908 est
579 1840 757 1911 benedictio
783 1842 1028 1918 matrimonialis,
1047 1839 1246 1904 decernendi
1330 1846 1332 1851 '

113 1954 307 2032 auotoritas,
331 1971 391 2016 non
408 1956 476 2016 siue
493 1953 615 2033 ingenti
631 1951 790 2033 legitimae
811 1948 1057 2010 Ecclesiasticae
1073 1947 1242 2009 Potestatis
1271 2024 1274 2031 ⁴

113 2059 332 2133 convulsione,
349 2060 528 2143 opprobrio,
546 2067 639 2138 atque
656 2064 828 2128 contemtu,
844 2072 907 2119 uon
924 2057 994 2118 sine
1011 2054 1105 2133 gravi
1122 2070 1243 2124 eorum,
1327 2077 1341 2090 „

113 2171 171 2254 qui
197 2171 281 2231 avito
307 2169 410 2232 studio
427 2169 528 2230 sacris
554 2165 716 2230 catholicis
742 2163 858 2226 addicti
882 2167 975 2232 sunt,
1000 2158 1190 2224 offendiculo
1209 2163 1242 2220 el
1344 2166 1356 2182 ²

113 2261 272 2352 resensu,
297 2294 359 2339 non
385 2277 520 2356 denique
546 2274 614 2337 sine
639 2289 752 2355 magna
770 2288 878 2333 eorum
893 2268 1041 2340 limitum,
1059 2264 1141 2329 ultra
1159 2277 1244 2344 quos

113 2382 224 2448 Civilis
240 2385 382 2447 Potestas
408 2382 552 2465 protendi
574 2380 701 2462 nequit,
726 2377 974 2460 perturbatione.
1301 2378 1304 2382 ’

204 2491 238 2553 1η
255 2491 508 2573 praesentissimo
521 2488 580 2550 hoc
596 2489 644 2551 rei
661 2486 832 2549 catholicae
848 2482 1029 2544 discrimine
1045 2481 1114 2559 post
1130 2475 1243 2553 Deum,
1327 2554 1331 2561 .

114 2600 174 2682 qui
189 2599 361 2662 Ecclesiam
392 2616 479 2659 suam
497 2598 628 2661 dextera
645 2595 803 2677 polentiae
820 2609 895 2653 suae
911 2593 1079 2669 proteget,
1105 2603 1164 2677 nec
1180 2581 1240 2644 ad-

113 2708 303 2770 versitatum
319 2704 467 2786 procellis
492 2703 699 2767 succumbere
724 2697 884 2768 admittet,
908 2697 940 2758 in
965 2690 1197 2783 benignissimo
1214 2694 1247 2752 et

113 2813 333 2900 potentissimo
358 2813 428 2875 blai.
453 2812 536 2874 Vrae
553 2809 668 2873 SSmae
685 2806 842 2891 praesidio
859 2790 1156 2879 salutisanchoram
1174 2794 1246 2858 col-

113 2925 211 2985 loco:
235 2918 303 2984 hlai.
320 2920 413 2983 Vram
430 2917 553 2982 SSmam
579 2915 748 2997 homagiali
763 2932 835 2976 oum
856 2910 1051 2974 subiectione
1070 2900 1246 2973 enarrando,

113 3038 155 3095 ut
169 3045 228 3109 pro
245 3028 387 3112 Augusta
404 3029 435 3089 in
452 3029 564 3089 avitam
580 3024 777 3104 Religionem
794 3023 928 3102 pietate,
947 3022 978 3078 et
1003 3019 1113 3075 sancto
1130 3007 1248 3070 Eccle-

115 3126 199 3201 siam
217 3136 294 3210 Dei,
311 3137 442 3215 eiusque
458 3133 636 3195 libertatem
654 3127 772 3191 tutandi
793 3123 915 3194 studio,
941 3121 1064 3183 clerum
1080 3115 1244 3181 Dioecesis
1274 3152 1278 3158 -

113 3261 208 3307 meae
225 3220 417 3305 validissimo
427 3239 621 3304 auctoritatis
633 3235 753 3316 Regiae
764 3232 892 3296 brachio
908 3235 1095 3313 protegere,
1113 3222 1245 3286 cousci-

115 3350 226 3414 cntiae
243 3348 450 3414 sacerdotalis
476 3348 673 3416 libertatem,
699 3340 892 3424 legalemque
910 3336 1015 3402 Status
1031 3329 1263 3394 Ecclesiastici'
1363 3382 1370 3393 ,

113 3444 344 3523 immunitatem
362 3456 464 3530 tueri,
481 3451 704 3534 illegalemque
721 3445 875 3531 saepefati
893 3442 1064 3521 Comitatus
1082 3435 1248 3517 Abanjva-
1291 3498 1294 3502 ,
1316 3476 1325 3521 ,-

113 3565 238 3631 riensis
256 3563 544 3624 determinationem
555 3556 793 3621 clementissima
810 3552 956 3615 relaxare
973 3546 1131 3628 dignetur.
1148 3542 1244 3605 Assi-
1300 3639 1303 3645 Ι
1393 3543 1396 3549 ’

114 3680 183 3744 dne
216 3695 284 3739 cum
316 3672 406 3734 Claro
432 3676 464 3730 et
488 3663 603 3748 populo
633 3661 797 3724 Dioecesis
824 3674 910 3717 meae
936 3669 992 3735 pro
1018 3649 1247 3718 incolumitate,

118 3764 292 3864 faustoque
317 3778 472 3859 regimine
504 3773 616 3838 SSmae
648 3766 820 3830 Maiestatis
845 3761 927 3824 Vrae
956 3759 1101 3821 Divinum
1128 3753 1250 3817 Numen
1353 3801 1358 3810 .

115 3870 326 3977 precaturus,
352 3881 544 3946 Clementiae
570 3879 660 3943 caes.
684 3874 805 3956 Regiae
834 3887 884 3931 me
910 3865 1080 3929 humillime
1107 3861 1249 3940 devoveo
1315 3874 1320 3881 ·

116 4010 152 4067 el
179 3993 353 4078 homagiali,
371 4010 439 4053 cum
455 3987 664 4050 submissione
681 3979 830 4043 emoriar.
848 3974 1042 4079 Gassoviae‚
1061 3968 1110 4031 die
1127 3965 1156 4028 8.
1174 3965 1252 4027 Deo.

121 4105 226 4195 1840.
244 4101 399 4166 Antonius
422 4075 567 4176 Ocshav,
584 4091 689 4173 lippus
715 4087 805 4150 cass.
