2798 4852
593 277 822 352 -463-

137 470 201 534 boc
218 471 370 554 obsequio
387 489 467 536 nova
484 471 557 535 mibi
573 475 758 538 svavissimo
777 473 971 538 Eminentiae
983 476 1115 541 Vestrae
1126 475 1261 554 alloquio
1352 458 1364 550 '⁴

137 578 324 660 perfruendi
341 589 453 662 surgat
468 580 618 654 occasio,
646 581 771 662 quodve
789 583 915 664 penitus
933 583 1138 664 persuadear,
1155 583 1263 646 credi-

128 686 205 748 'tam
221 687 295 752 mibi
310 693 344 752 ut
360 687 563 753 honorificam
580 693 621 751 ita
638 692 780 753 tenuitati
797 709 886 754 meae
902 709 1010 773 parurn
1023 693 1261 756 convenientem

138 795 323 859 missionem
339 778 509 860 seeundum
526 797 711 884 babituram·
723 797 797 884 esse
814 798 939 874 exitum,
967 801 994 862 si
1010 799 1264 880 EminentiaVe-

126 911 207 966 ¹stra
225 911 354 967 conatus
373 922 458 967 meos
475 900 609 987 propitia
628 908 719 980 tueri,
738 909 763 968 si
780 907 857 969 meis
874 906 1020 989 precibus
1037 905 1260 970 validissimum

137 1011 457 1075 suum-accomodare
474 1012 602 1093 dignata
619 1010 942 1094 luerit‘patrocinium.
978 1039 981 1045 ·

233 1119 320 1192 Quae
330 1121 397 1183 siut
412 1139 461 1194 ea,
478 1119 588 1201 quibus
605 1119 740 1185 alllictae
755 1121 788 1185 in
804 1121 915 1203 Regno
932 1123 1110 1203 cumprimis
1127 1120 1260 1203 llunga·
1321 1099 1324 1105 ⁵
1342 1159 1346 1170 ·

130 1223 202 1291 riae
220 1230 268 1290 rei
284 1227 463 1291 Catholicae
481 1229 645 1292 subveniri
669 1246 764 1308 posse
781 1231 974 1307 existimem,
1008 1229 1149 1293 exbibito
1173 1227 1254 1292 Suae

134 1334 310 1406 Sanctitati
324 1334 494 1401 humillimo
511 1355 581 1401 meo
593 1353 727 1399 recursu
738 1336 923 1420 complexus
940 1355 1015 1401 sum.
1026 1336 1063 1399 Ut
1079 1336 1157 1400 baec
1173 1337 1263 1400 nobis

127 1461 154 1523 e
170 1438 256 1507 Suae
270 1440 451 1506 Sanctitatis
469 1443 633 1507 clementia
650 1444 840 1521 obveniant3
866 1445 1130 1529 arduapleuaque
1148 1441 1264 1507 discri-
1307 1495 1309 1505 .
1349 1517 1352 1522 ¹

135 1551 228 1615 minis
240 1535 387 1613 adiuncta
400 1558 508 1614 nostra
524 1554 689 1634 urgentius
705 1553 872 1632 postulant.
890 1552 1054 1633 Postquam
1065 1570 1177 1636 nempe
1187 1553 1264 1632 Epi·
1328 1544 1332 1559 ¹

113 1724 116 1731 ,
135 1657 228 1738 scopi
245 1656 424 1739 Hungariae
441 1661 597 1742 vigentem
615 1667 705 1722 antea
722 1661 753 1722 in
770 1648 980 1747 conciliandis
994 1663 1108 1723 mixtae
1124 1658 1262 1741 religio·
1331 1742 1334 1746 λ

118 1767 187 1846 ⁴nis
205 1765 371 1830 connubiis
388 1768 507 1847 praxim
526 1766 564 1828 ad
581 1768 774 1830 sanctionum
793 1769 1010 1831 canonicarum
1027 1753 1263 1848 novissimeper

136 1872 232 1937 Suam
249 1869 460 1936 Sanctitatem
476 1874 631 1953 repetitim
648 1876 902 1967 gravissimisque
918 1876 1023 1938 verbis
1039 1875 1262 1938 inculcatarum

138 1981 288 2045 amussim
304 1999 529 2063 usquequaque
546 1983 736 2056 revocaturi,
752 1984 784 2045 in
797 1981 857 2045 illis
869 1983 1006 2057 casibus,
1018 1982 1089 2045 dum
1099 2000 1174 2064 pars
1185 1998 1263 2042 aca-

139 2087 263 2152 tbolica‘
273 2091 433 2171 praeviam
449 2089 488 2152 de
505 2073 655 2153 catholica
673 2091 809 2153 omnium
826 2091 960 2170 prolium
978 2086 1163 2154 educatione
1180 2106 1261 2150 oau-

122 2181 257 2260 'tionem
274 2204 436 2279 praestare
452 2205 589 2275 recusat,
606 2216 674 2260 cum
686 2203 868 2279 praesumto
883 2194 1187 2278 SedisApostolicae
1204 2212 1263 2256 an·
1367 2262 1369 2266 ,

140 2312 222 2368 nutu
238 2323 295 2385 per
311 2303 469 2368 Parocbos
486 2286 640 2387 passivam
652 2306 803 2370 duntaxat
814 2304 1026 2369 assistentiam
1043 2304 1187 2383 praeberi
1202 2319 1260 2365 or·

141 2413 327 2490 dinassent,
360 2414 497 2493 provisio
522 2408 601 2477 baec
626 2415 787 2496 ingentem
813 2415 844 2477 in
863 2405 988 2494 regno,
1013 2409 1265 2497 *acatholicorum

142 2521 332 2602 praeprimis
365 2523 496 2585 incurrit
521 2521 687 2593 invidiam,
721 2518 957 2609 ailirman'tiuma
983 2518 1183 2582 innovatione
1208 2519 1266 2580 bac

140 2627 293 2713 diutinum
310 2630 340 2690 in
358 2629 532 2706 validandis
551 2631 655 2691 mixtis
687 2636 774 2691 matr.
799 2647 888 2717 usum
913 2646 989 2690 cum·
1007 2625 1103 2689 multa
1120 2625 1260 2704 ipsorum
1291 2692 1294 2697 ,
1354 2629 1357 2633 ’

142 2737 266 2810 iniuria,
281 2721 552 2818 confessionisque
564 2736 733 2820 opprobrio
745 2716 921 2809 interverti,
933 2754 970 2799 ac
981 2732 1123 2798 hostilem
1133 2731 1269 2815 Episco-

141 2861 256 2926 porum
275 2844 313 2905 ad
330 2844 509 2908 subruenda
520 2845 651 2925 quaevis
661 2843 862 2926 religiouaria
879 2861 937 2907 sua
952 2846 1020 2907 iura
1035 2843 1171 2907 animum
1181 2858 1264 2924 ‘por-
1340 2837 1342 2841 ’

141 2949 247 3024 tendi,
275 2968 409 3031 cumque
424 2953 529 3014 mixtis
547 2960 637 3015 matr.
655 2950 871 3031 impedimenta
892 2968 1078 3032 quoeunque
1095 2950 1153 3015 sub
1169 2930 1275 3030 prae-⁴

142 3065 232 3134 textu
247 3060 320 3138 poni
338 3055 510 3140 legeeivili
527 3066 652 3121 cautum
670 3038 728 3131 sit,
738 3075 795 3139 per
816 3057 1010 3121 arbitrariam
1027 3053 1263 3120 matrimonialis
1353 3134 1356 3145 ¹

140 3164 372 3256 benedictionis
389 3167 633 3230 subtractionem
650 3182 742 3229 unam
760 3162 1076 3229 e'lundamentalibus
1093 3164 1202 3250 patriis
1218 3161 1277 3243 le-‚

139 3274 235 3356 gibus
252 3274 396 3338 convelli.
424 3274 521 3347 Quam
539 3273 709 3336 vehemens
726 3272 797 3336 binc
823 3279 932 3338 contra
958 3271 1129 3352 Episcopus
1155 3275 1266 3350 coorta

138 3384 181 3447 sil
197 3389 389 3464 tempestas3
411 3381 534 3460 quodve
551 3382 630 3445 baec
647 3399 753 3444 eorum
769 3381 802 3444 in
819 3378 1024 3443 observandis
1051 3360 1264 3440 sanctionibus
1328 3408 1336 3431 r

142 3492 308 3555 canonicis
324 3491 438 3572 religio
456 3492 486 3554 in
503 3471 764 3570 iniquissimarum
782 3488 1028 3551 criminationum
1054 3493 1193 3578 vertatur
1210 3468 1266 3548 ar-

142 3616 219 3686 gum
227 3606 329 3661 enturn
340 3623 348 3677 ;
383 3579 623 3678 quod'nounullt
641 3595 809 3659 Comitatus
837 3612 892 3661 eos
909 3586 1095 3667 auctoritate
1112 3591 1209 3675 Regia
1229 3592 1271 3671 ad

138 3704 370 3779 retractandas,
389 3723 465 3786 quas
482 3705 542 3770 boe
559 3705 589 3766 in
607 3706 707 3785 capite
724 3697 763 3765 ad
786 3702 907 3766 Clernm
933 3720 1020 3764 suum
1047 3682 1266 3763 dioecesanum
1285 3703 1289 3739 ἒ

139 3814 337 3887 dimiserant,
354 3813 524 3901 pastorales
541 3811 647 3874 literas
665 3805 802 3895 cogiac
820 3813 850 3873 nl
867 3802 1039 3891 paruerint,
1056 3806 1266 3893 sedibushsuis
1300 3860 1303 3865 .

140 3920 305 3984 deturbari
321 3919 493 4002 postulent,
512 3918 563 3984 alii
578 3904 653 3982 vero
671 3930 728 4002 per
745 3919 931 3983 constitutos
948 3916 986 3978 ad
1013 3914 1044 3978 id
1070 3914 1190 3977 iudices
1206 3913 1267 3975 Pa·
1311 3993 1334 4005 ,.
1380 3959 1385 3967 .

139 4011 260 4100 rochis,
279 4027 417 4091 simixta
445 4026 638 4092 matrimonia
663 4026 855 4089 benedicere
881 4023 1118 4100 recusaverint,
1152 4039 1268 4104 graves
1353 4056 1356 4061 ·

140 4137 279 4204 mulctas
296 4118 495 4218 pecuniarias
513 4133 649 4218 irrogari
667 4135 846 4197 sanxerint:
871 4140 985 4194 cuncta
1002 4133 1080 4194 baec
1098 4110 1220 4194 tristem
1236 4129 1268 4221 in

131 4246 259 4328 ¹Regno
277 4261 383 4317 rernm
401 4244 493 4306 situm
520 4249 568 4304 sat
592 4259 749 4325 superque
776 4240 944 4323 pandentia
970 4239 1058 4302 velut
1073 4237 1268 4305 Eminentiae
1302 4284 1304 4289 .

132 4349 423 4426 ,Vestraealiunde
439 4351 499 4414 iam
525 4350 684 4431 explorata
710 4348 851 4431 pluribus
869 4349 981 4427 exequi
998 4363 1268 4428 supervacaneum
1298 4336 1300 4341 ⁴
1381 4407 1383 4413 ,

130 4478 221 4528 esse
238 4459 392 4541 arbitror3
416 4479 476 4525 una
493 4467 595 4523 tamen
606 4477 629 4551 *e
646 4458 755 4522 borum
771 4455 1027 4523 consideratione
1042 4451 1182 4536 profiteri
1199 4470 1263 4517 non
1303 4528 1308 4536 ¹
