2798 4852
570 241 750 326 Ι----442
781 279 834 295 -

58 507 62 514 .
145 416 255 504 eornm
271 437 478 509 desideratur,
496 444 598 516 neque
614 433 838 516 impediuntilli
849 435 1059 513 matrimonia,
1078 437 1195 501 etiamsi
1204 455 1248 500 ca·

96 540 102 549 ’
145 547 281 610 tholicae
299 543 477 607 educationi
493 542 625 625 prolium
636 543 812 609 consultum
827 558 891 607 non
907 550 965 616 est,
982 542 1042 606 sed
1058 541 1171 607 iisdem
1186 546 1251 607 assi·

145 660 240 725 stunt,
269 657 302 714 nt
318 658 384 714 rata
402 656 433 712 et
448 648 549 712 valida
566 668 624 732 per
641 668 749 713 eornm
775 657 807 713 et
824 648 954 714 duorum
972 651 1099 713 testium
1115 667 1254 733 praesen·

78 768 83 837 ζ
146 763 218 823 tiam
238 757 429 834 reddantur,
448 764 479 818 et
503 756 578 820 licet
602 757 855 821 benedictionem
870 758 1055 841 refragante
1072 757 1256 821 conscientia

145 883 210 928 non
226 865 452 946 impertiantur,
471 869 531 924 tam
548 881 658 945 parum
675 869 776 925 tamen
792 863 899 926 violati
916 865 993 927 iuris
1010 865 1110 946 argui
1121 872 1252 944 possunt,

145 990 183 1032 ac
201 970 392 1032 obstetrices
409 967 499 1030 llelv.
518 967 589 1031 Clni
599 966 740 1031 addictae
756 968 939 1049 baptismum
951 970 1102 1033 conterre
1112 987 1257 1058 recusan·
1302 1006 1303 1011 κ

146 1086 196 1141 tes
214 1079 356 1140 iniuriam
373 1076 491 1138 interne
510 1073 665 1137 dicuntur.

231 1183 298 1256 Ono
316 1183 416 1264 magis
434 1179 627 1245 Sacerdotes
643 1179 795 1244 Catholici
811 1183 993 1261 religiosam
1010 1182 1193 1246 concivium
1209 1199 1257 1243 su-

73 1312 77 1317 ·
113 1300 133 1347 ‘·
146 1309 233 1357 urum
251 1309 269 1352 a
285 1290 384 1353 sacris
401 1288 565 1351 catholicis
591 1287 765 1351 alienorum
790 1288 1022 1351 convictionem
1038 1288 1259 1370 legaliprosc·

79 1438 87 1446 -
146 1406 281 1481 quantur
307 1398 501 1460 attentione:
528 1414 567 1459 eo
585 1398 685 1476 magis
711 1396 841 1468 dolent,
875 1395 959 1478 qnod
983 1397 1094 1469 inins
1121 1400 1262 1459 vocantur

78 1524 80 1529 ·
146 1512 328 1587 propterea,
346 1480 616 1586 quodtoneantid,
634 1501 719 1583 qnod
735 1503 875 1565 universi
891 1502 1041 1567 catholici
1060 1503 1148 1566 orbis
1161 1503 1261 1565 obser·

146 1606 252 1674 nantia
277 1611 431 1674 firmatum
458 1618 489 1673 ct
512 1609 725 1692 irrefragabili
751 1609 939 1672 auctoritate
966 1609 1141 1672 stabilitum
1159 1616 1207 1671 est
1215 1614 1262 1685 ;et

145 1717 216 1782 dnm
241 1719 356 1798 ubique
382 1725 536 1781 terrarum
564 1718 723 1799 integrum
748 1718 976 1798 estpcathnlico
1002 1716 1165 1781 sacerdoti
1181 1719 1260 1796 sequi

145 1827 358 1889 conscientiae
382 1842 458 1886 suae
476 1824 661 1896 dictamina,
688 1822 858 1902 eademque
873 1823 989 1903 ubique
1005 1822 1152 1887 locorum
1170 1821 1260 1885 omnis

146 1906 318 1996 coactionis
336 1947 452 2010 expers
469 1935 528 2002 est,
546 1942 649 2010 neque
666 1928 729 1991 nlla
746 1929 794 1991 vis
816 1927 1044 1992 benedictionis
1062 1929 1260 1991 matrimoniis

148 2022 490 2116 mixtis'imperttendae
518 2053 612 2099 cansa
639 2033 803 2097 adhibetur
812 2054 822 2111 ;
847 2036 963 2116 inipso
987 2037 1070 2097 enim
1088 2034 1145 2098 illo
1162 2050 1261 2116 regno,

149 2146 203 2207 nbi
218 2152 347 2227 propter
363 2143 557 2205 matrimonia
574 2143 669 2203 mixta
687 2159 723 2203 ca
741 2140 899 2220 procella,
929 2141 968 2205 ob
989 2159 1082 2223 quam
1098 2131 1261 2204 universus

96 2304 100 2311 .
147 2251 321 2314 catholicus
338 2251 490 2332 mgemurt
505 2249 611 2324 orbis
644 2255 792 2310 suscitata
810 2255 873 2320 est
890 2265 1015 2327 vagore
1031 2251 1263 2312 novissimorum

146 2357 329 2420 Edictornm
355 2355 567 2419 conscientiae
593 2354 800 2416 sacerdotalis
824 2353 953 2417 libertas
980 2355 1012 2416 ln
1028 2361 1109 2417 tuto
1116 2354 1260 2419 collocata

148 2472 207 2537 est,
225 2469 413 2543 cantumque
429 2461 582 2534 babetur,
608 2479 647 2523 ne
664 2461 702 2523 ob
720 2466 870 2542 negatam
888 2459 1146 2524 benedictionem
1164 2477 1261 2524 sacer·

95 2557 98 2560 ⁴
150 2569 240 2633 dotes
258 2570 436 2632 catholici
430 2588 460 2630 ιιι
478 2569 525 2630 ins
545 2574 717 2630 vocentur:
750 2587 840 2649 qnam
868 2567 983 2631 acerbo
1010 2568 1123 2631 dolore
1151 2569 1260 2630 Clernn

148 2675 344 2739 Catholicnm
361 2674 541 2754 Hungariae
558 2672 689 2754 percelli
707 2681 845 2751 oportet,
865 2675 935 2735 dnm
952 2676 983 2737 in
1000 2674 1113 2757 Regno
1132 2673 1260 2756 Aposto-

147 2783 211 2845 licu
229 2783 444 2844 conscientiae
462 2779 650 2842 sacerdotali
667 2783 714 2840 vis
733 2780 884 2849 infertur,
912 2787 942 2842 et
968 2780 1038 2842 dnm
1058 2781 1261 2844 Protestantcs

147 2890 245 2957 iniis,
263 2905 344 2966 qnae
362 2886 525 2966 religionis
539 2903 616 2948 snae
637 2894 723 2958 sunt,
742 2905 758 2946 a
775 2886 936 2968 religionis
956 2904 1032 2948 snae
1051 2888 1259 2969 superioribus

147 2994 336 3073 dependent,
355 2992 623 3055 cotnm‘catholici
634 2991 816 3055 sacerdotes
827 2994 938 3056 intuitu
948 2993 1160 3072 spiritualium
1171 3008 1260 3056 rerum

147 3109 178 3162 ot
195 3107 463 3162 sacramentorum
481 3101 591 3178 quibus
609 3117 711 3178 quave
737 3101 859 3162 ratione
877 3100 1197 3163 administrandorum
1214 3116 1260 3162 non

150 3210 188 3270 ab
206 3209 264 3285 iis,
283 3226 361 3287 qnos
378 3208 482 3287 posuit
499 3208 630 3287 Spiritus
648 3206 677 3267 S.
695 3225 810 3289 regere
827 3206 1000 3270 Ecclesiam
1016 3208 1087 3283 Dei,
1105 3208 1165 3270 sed
1182 3227 1198 3271 a
1215 3207 1260 3270 de-

146 3295 418 3378 terminationibus
435 3313 640 3377 Comitatnnm
659 3314 859 3394 dependere,
888 3322 919 3376 et
945 3315 1005 3376 nisi
1031 3316 1149 3378 iisdem
1166 3315 1258 3379 reira-

149 3429 246 3502 ganto
273 3421 346 3483 licet
373 3421 777 3501 conscientiaobseqninm
795 3429 974 3500 praestent,
1001 3440 1111 3484 coram
1129 3419 1261 3486 tribunali

148 3527 285 3589 seculari
302 3529 523 3607 incompetenti
549 3534 630 3588 stare
648 3535 823 3608 coguntur,
852 3529 1051 3609 mulctacqne
1068 3530 1259 3610 pecuniariae

149 3642 262 3696 contra
275 3654 395 3696 omnem
408 3638 485 3697 iuris
496 3638 636 3714 rectique
649 3636 787 3698 ordinem
800 3635 1005 3699 solidamento
1015 3638 1086 3698 Art.
1102 3636 1163 3701 14:
1178 3632 1258 3698 tunt.

66 3810 69 3815 .
147 3741 361 3803 subiiciuntnr.
388 3741 445 3803 Ast
462 3740 686 3804 Articnlnshic
704 3760 761 3803 nec
779 3762 829 3818 eo,
846 3759 907 3822 qno
925 3739 1077 3805 conditus
1089 3750 1169 3815 crat,
1187 3750 1256 3805 ten·

110 3840 114 3852 '
145 3866 224 3930 pore
252 3845 289 3908 ad
316 3849 512 3922 matrimonia
530 3832 642 3922 inlata,
670 3850 755 3910 velut
781 3856 884 3932 cotum
902 3849 1162 3913 Protestantibus
1178 3849 1257 3911 etiam

51 3944 57 3957 ’
146 3956 245 4016 invisa
263 3944 383 4016 ansuis
408 3957 547 4035 ipsorum
564 3958 734 4018 canonibus
753 3957 926 4036 prohibita,
960 3959 1024 4017 ct
1017 3976 1049 4018 m
1067 3957 1256 4019 Tractatibns

143 4061 335 4125 Diaetalibns
352 4062 420 4124 eins
437 4063 548 4123 aetatis
565 4065 743 4142 nentiquam
760 4067 969 4138 recurrentia,
988 4067 1210 4143 pertinuerat3
1230 4060 1253 4119 in

146 4167 288 4231 Articnlo
304 4188 380 4231 veru
397 4167 459 4231 26:
481 4164 598 4246 ll9⁰s,.
616 4172 783 4250 genuinum
796 4170 935 4232 eiusdem
956 4188 1087 4232 sensnm
1098 4177 1214 4233 tantum
1228 4164 1258 4228 ad

146 4272 300 4336 violentas
309 4277 502 4351 templorum,
519 4276 747 4363 parochiarum,
766 4276 944 4340 scholarum
957 4283 1015 4352 etc
1037 4278 1256 4357 occupationes

121 4432 128 4443 Ι
147 4394 188 4454 ex
202 4380 361 4474 proposito
379 4384 556 4443 restrictum
580 4382 677 4444 fnisse
694 4381 765 4445 indo
783 4383 959 4446 loculenter
974 4388 1073 4463 patet,
1092 4383 1258 4465 quodcum
