2798 4852
594 272 837 347 -289-

159 468 386 537 contumaciter
400 465 521 531 violare
547 465 710 551 auderent.
735 466 835 532 Renle
861 467 1020 549 parochus
1046 466 1275 548 l’oltringensis

155 578 251 644 unius
270 594 313 641 ex
336 571 569 659 parochialibus
595 592 664 638 cum
695 573 831 638 foemina
862 581 1058 655 protestante
1090 574 1272 657 coniugium

153 693 348 765 inaugurare
363 684 532 755 recusavit,
549 687 581 745 ct
598 684 738 764 quamvis
755 699 861 745 coram
877 690 910 745 ct
925 683 1132 746 uehementer
1149 680 1272 746 delnor·
1350 700 1353 705 ·

152 800 240 857 nate
255 788 462 871 Dss'Episcopo
479 787 518 850 de
534 788 657 861 Keller,
684 789 721 853 ad
740 789 874 853 officium
895 793 1042 854 revocari
1060 808 1095 853 se
1113 809 1176 853 non
1194 807 1272 870 pas-

153 917 200 966 sus
222 903 282 961 est.
306 896 405 961 Ruius
422 897 595 976 exemplum
620 915 684 960 non
709 897 806 962 multo
831 905 903 978 post
927 905 1056 961 secutus
1072 905 1121 961 ost
1140 897 1272 961 schmitt

155 1004 310 1091 parochus
326 1003 624 1087 Nagclspergensis.
648 1003 838 1069 Gubernium
854 1008 952 1089 igitur
969 1022 1031 1068 non
1048 1004 1272 1087 indulgendum

158 1106 337 1185 natumst,
354 1119 388 1176 ut
404 1113 610 1192 parochorum
626 1130 708 1175 unus
734 1112 853 1177 alterve
869 1131 928 1195 pro
945 1114 1074 1176 arbitrio
1091 1111 1154 1192 legi
1171 1112 1269 1174 obse·

113 1272 115 1281 .
164 1221 258 1300 quium
272 1218 506 1283 renunciarent.
533 1218 590 1293 Qui
606 1236 674 1282 cum
692 1220 793 1282 cuivis
809 1218 953 1282 elementi
971 1219 1089 1282 monito
1107 1226 1139 1281 et
1156 1215 1270 1279 dehor-

165 1327 281 1405 unioni,
297 1328 453 1390 obstinate
470 1344 504 1388 se
521 1326 940 1408 gerendosretragaremur,
957 1344 992 1388 se
1010 1329 1097 1403 ipsos
1114 1322 1269 1391 inhabiles

138 1512 141 1519 Ι
169 1429 350 1498 declararunt
375 1434 413 1495 ad
439 1432 552 1497 diutius
578 1433 721 1497 obeunda
743 1452 870 1498 nnunera
898 1434 1135 1504 ecclesiastica,
1159 1432 1269 1514 qulbus
1302 1448 1305 1457 ·

142 1574 145 1579 ·
173 1538 320 1603 inunctum
337 1539 597 1616 pascuaticum,
614 1543 708 1603 mixta
725 1543 920 1606 matrhnonia
936 1540 1158 1604 benedictione
1175 1541 1269 1604 inau-

150 1634 153 1639 ’
174 1646 295 1724 parandi.
306 1646 394 1729 Lege
410 1645 609 1727 Reipublicae
625 1645 848 1711 fundamentali
864 1649 948 1712 actio
966 1646 1158 1729 praefinitur,
1178 1664 1269 1727 quam

113 1794 126 1839 Ξ
176 1746 300 1836 deinceps
321 1752 509 1817 Gubernium
531 1772 713 1836 quamquam
730 1757 860 1819 invitum
877 1761 909 1818 et
925 1756 1115 1818 necessitate
1132 1758 1269 1837 urgente

177 1864 263 1923 contra
273 1880 328 1925 eos
340 1860 488 1923 adhibuit.
501 1860 597 1944 Regis
606 1862 704 1934 iussa,
716 1862 1042 1926 sentcntiaCuriarum
1051 1860 1271 1945 pchonstitn·

126 1988 132 2001 ·
151 2000 154 2007 ·
178 1962 334 2030 tionemhac
350 1973 505 2050 potestate
517 1971 757 2041 instructarum,
775 1978 806 2032 et
824 1969 977 2032 consultis
998 1971 1150 2049 supremis
1166 1966 1269 2048 Regni

113 2116 116 2121 .
177 2065 354 2156 tollagiisllli
365 2075 496 2157 parochi
507 2077 537 2137 in
555 2075 753 2156 praebendas
776 2077 956 2140 diaconales
973 2074 1114 2139 translati
1131 2080 1213 2146 sunt,
1228 2090 1268 2134 ne

113 2204 116 2213 ¹
179 2171 362 2257 inposterum
387 2181 579 2245 matrimonia
597 2183 700 2244 mixta
726 2181 861 2245 debeant
892 2185 1095 2266 inaugurare.
1122 2182 1268 2244 Ceterum

113 2308 120 2367 p
180 2274 292 2366 iugatae
308 2289 367 2351 hae
382 2289 584 2371 praebendae
601 2288 692 2352 dictis
714 2289 846 2353 Clericis
863 2294 940 2355 satis
957 2290 1094 2353 alimenti
1112 2286 1264 2371 suppedi·
1381 2338 1384 2343 .

113 2468 116 2477 ‚
183 2390 228 2453 ht
260 2428 297 2437 —
325 2395 380 2460 llis
406 2403 509 2459 autem
535 2399 637 2478 gestis
664 2397 701 2461 D.
724 2398 901 2481 Episcopus
923 2405 1056 2462 mentem
1074 2394 1268 2474 postmodnm

179 2506 277 2569 uorsus
302 2510 442 2567 mutasse
460 2504 592 2567 videtur.
618 2506 649 2567 ld
667 2505 750 2588 quod
767 2508 867 2583 primo
884 2513 1080 2588 compertum
1097 2511 1146 2567 cst
1163 2506 1267 2567 inter·
1325 2582 1329 2589 ,

139 2644 149 2695 3
176 2609 313 2685 ttssionc,
339 2629 366 2672 a.
386 2609 482 2673 1841.
508 2612 651 2677 Ministro
678 2618 726 2677 rei
753 2614 991 2678 ecclesiastieae
1008 2621 1041 2675 et
1057 2612 1265 2675 scholasticae
1308 2632 1311 2637 ·

118 2766 152 2809 .·
175 2698 305 2789 alitia,
328 2735 407 2799 quae
425 2720 456 2781 in
472 2721 654 2782 universum
671 2720 701 2783 id
719 2722 902 2802 spectabat,
930 2728 962 2783 nt
978 2722 1172 2790 necessitas,
1198 2737 1267 2779 ma·
1315 2716 1323 2757 '-
1350 2736 1353 2741 ·

172 2812 292 2887 trinomia
320 2826 414 2888 mixta
440 2820 649 2909 inaugurandi
676 2828 877 2901 aboleretur,
903 2834 1137 2910 neque·tamcn
1154 2828 1215 2903 ita,
1232 2832 1266 2887 ut
1365 2850 1370 2859 ·
1392 2816 1396 2823 ’

166 2912 293 2994 distincte
326 2949 479 3014 expressa
513 2935 680 3015 rogatione
707 2936 738 2996 inl
765 2943 938 3019 peteretur.
973 2933 1076 2999 Facile
1101 2934 1266 2997 intellectu
1357 2914 1360 2918 ⁵

141 3018 145 3033 ¹
163 3032 218 3106 ⁶⁸²,
234 3037 423 3103 Gubernium
447 3047 518 3102 ante
536 3044 637 3104 ounnia
653 3044 867 3122 quaestionem
885 3050 949 3105 lum
966 3042 1025 3107 sibl
1049 3043 1264 3124 proposuisse,

139 3132 260 3208 'tuitus
277 3147 360 3209 lortc
377 3146 416 3208 de
434 3148 538 3209 causis
554 3149 592 3210 D.
609 3148 782 3232 Episcopus
802 3158 864 3213 tam
882 3153 943 3212 cito
960 3152 1146 3211 sententiam
1165 3154 1266 3209 muta·
1310 3206 1319 3235 ,Ι

121 3286 128 3323 -,
155 3235 253 3315 visset.
276 3252 397 3315 Deinde
413 3259 565 3337 ignorare
594 3274 656 3320 nori
682 3260 781 3337 potuit
808 3255 1017 3329 Guberninm,
1043 3254 1192 3336 quidquid
1210 3273 1265 3314 se-

113 3384 126 3413 ι-
149 3351 280 3423 cllldum
305 3361 512 3443 Rogationem
549 3363 765 3444 Episcopalem
803 3370 949 3427 nonatum
976 3363 1089 3434 luerit,
1129 3378 1167 3423 eo
1202 3379 1265 3423 non
1299 3372 1302 3377 '

119 3447 246 3527 '⁵⁰¹um
270 3467 357 3550 uulgi
382 3468 527 3532 catholici
560 3471 805 3534 consuetudines
833 3490 849 3532 a
876 3471 1017 3554 patribus
1049 3475 1197 3550 acceptas
1236 3474 1266 3528 et

142 3560 299 3635 llstutana
325 3573 458 3638 moleste
485 3574 629 3639 allectum
647 3577 706 3651 iri,
730 3577 894 3641 sedetiam
920 3579 1084 3641 conl'estim
1100 3576 1264 3658 Reipubli-

139 3666 200 3728 ’Ἀθ
230 3682 485 3745 constitutionem
511 3681 579 3746 lore
612 3684 784 3749 obstaculo.
818 3685 922 3768 Leges
949 3689 1050 3757 enim,
1084 3688 1270 3767 qnippeex·
1305 3686 1323 3719 '·
1352 3704 1355 3711 ·

113 3828 116 3837 .
136 3771 257 3849 quibus
273 3805 340 3851 mos
361 3788 446 3850 circa
463 3796 549 3851 matr.
569 3793 664 3854 mixta
680 3794 709 3855 in
727 3791 981 3872 thrtcmbcngia
999 3790 1171 3857 adhucdum
1190 3808 1262 3853 scr·
1374 3836 1377 3841 ,

134 3877 234 3991 vl{lus
250 3892 469 3974 proficiscitur,
486 3898 517 3958 in
534 3895 594 3957 hoc
610 3896 720 3978 Regno
733 3903 956 3964 constitutione
975 3902 1090 3963 munito
1108 3918 1169 3964 non
1187 3902 1264 3961 sim-

127 3970 267 4062 -dllciter
283 3998 482 4077 contemto,
498 4003 554 4064 sed
574 4010 689 4068 tantum
708 4005 817 4069 eodem
834 4013 973 4088 tempore
991 4007 1263 4071 consentientibus
1373 4074 1376 4081 ,

133 4070 247 4185 Regni
272 4107 437 4171 ordinibus
463 4109 583 4173 aboleri
614 4120 764 4190 possunt:
797 4113 826 4177 id
853 4114 935 4196 qnod
961 4115 998 4176 D.
1024 4115 1198 4197 Episcopus
1225 4114 1262 4177 dc
1305 4158 1308 4162 -

132 4174 249 4296 delier
263 4215 362 4297 probe
378 4215 471 4278 habet
489 4227 702 4300 (simpertum,
728 4220 811 4302 quod
832 4225 925 4285 etiam
943 4242 983 4284 ex
1000 4221 1179 4304 Rogatione
1197 4225 1264 4285 eius
1341 4272 1345 4279 .

130 4302 225 4415 ¹¹}fra
242 4323 444 4387 memoranda
462 4325 659 4406 intelligitur.
684 4325 860 4392 Occasione
877 4329 975 4412 igitur
992 4326 1150 4392 Gubernio
1166 4349 1262 4412 prac—
1284 4378 1287 4383 .
1325 4306 1332 4393 ζ
1369 4392 1372 4397 .

150 4416 227 4499 lla,
251 4428 329 4491 istas
354 4428 548 4494 conditiones
572 4430 679 4496 secum
703 4435 890 4514 reputandi,
913 4435 951 4499 D.
974 4435 1147 4520 Episcopus
1164 4456 1263 4520 roga·

172 4538 339 4618 msnnaan,
352 4551 472 4605 nunna.
488 4552 583 4605 nascas.
597 4550 646 4607 nn.
770 4556 782 4617 ἡ
871 4572 878 4579 ·
973 4524 987 4603 J
1016 4548 1050 4610 aa
