2798 4852
491 144 798 309 ’.ὲ-’6-

888 271 1179 319 ,1.

49 429 55 444 ·
145 370 361 479 trimoniorum
377 386 555 462 huiusmodi
572 382 700 477 occasio
719 400 792 457 esse
809 378 966 461 assolent)
982 367 1101 465 temere
1112 372 1273 470 addicant,

7 577 11 584 ¹
66 544 68 549 -
145 499 288 579 Denique
303 491 455 580 parochis
475 480 514 556 ¹et
529 490 721 557 -vioecureiis
749 484 870 553 eisdem
884 484 1098 573 prohibemus,
1116 498 1158 550 ne
1171 492 1274 572 ‘paro-

41 617 60 687 2
120 603 130 669 j
146 603 267 671 chianis
282 605 348 666 suis
376 599 419 664 ad
435 606 538 664 terras
557 596 751 679 supradictas
768 593 978 658 tendentibus
988 591 1219 659 testimoniales
1235 593 1274 660 li·

146 720 230 777 teras
253 710 468 802 legitimorum
491 698 637 801 natalium
663 711 694 767 et
710 703 854 786 baptismi
876 703 914 765 ab
932 695 978 766 eis
995 684 1160 783 suscepti
1151 710 1290 787 imper-'-

76 865 81 876 .
110 869 113 880 .
147 819 244 892 tinnt,
269 817 330 896 nisi
346 817 431 903 lacta
447 794 534 895 prius
551 813 731 894 sponsione,
758 807 840 893 quod
858 808 1073 894 perniciosum
1090 798 1272 874 huiusmodi

35 940 38 944 ’
146 925 372 989 matrimonium
409 941 477 995 cum
512 936 646 1005 persona
676 917 837 982 haeretica
870 931 1027 999 nunquam
1057 914 1120 980 sini
1152 917 1275 982 inituri.

148 1029 359 1125 Quodsivero
385 1024 572 1112 parochiani
597 1039 705 1088 eorum
732 1043 772 1109 err
797 1014 947 1104 praelatis
963 1023 1057 1087 terris
1072 1020 1285 1088 revertentes

74 1162 75 1166 ¹
97 1127 102 1138 ‘
147 1133 373 1208 testimoniales
402 1133 560 1215 praelatas
585 1133 636 1196 vei
653 1130 874 1210 dimissoriales
895 1129 1006 1193 literas
1023 1126 1064 1193 ad
1078 1129 1226 1201 ellectum
1240 1126 1274 1195 in

146 1244 406 1327 praememoratis
419 1248 422 1252 ’
436 1243 529 1304 terris
546 1238 684 1303 nubendi
710 1238 813 1301 abeis
826 1234 983 1319 petierint,
999 1237 1056 1319 has
1073 1226 1192 1301 eisdem
1209 1238 1273 1302 nii-⁴

151 1355 233 1417 nime
250 1348 444 1423 concedant,
469 1350 530 1411 nisi
547 1366 563 1410 a
580 1347 718 1430 parocho
736 1347 785 1409 vel
802 1345 1001 1430 missionario
1028 1345 1183 1411 catholico
1200 1349 1271 1411 eius

72 1472 77 1477 ·
148 1458 248 1536 looi‚'
239 1475 277 1521 ιιι
287 1476 349 1540 quo
365 1455 590 1520 matrimonium
608 1461 680 1519 sunt
697 1455 900 1533 contrectari,
911 1455 1145 1518 testimonium
1136 1471 1170 1516 an
1187 1453 1274 1518 nullo

50 1573 53 1579 '
149 1540 331 1648 suspectum
349 1550 525 1635 exhibeant,
536 1579 593 1644 per
610 1561 691 1644 quod
706 1555 879 1628 reddantur
891 1557 1059 1636 certiores,
1071 1560 1166 1644 quod
1171 1578 1276 1642 spon·
1289 1584 1295 1593 ·

149 1674 268 1740 salibus
294 1691 363 1736 oum
387 1688 535 1756 persona
553 1669 707 1735 catholica
723 1672 792 1735 rite
800 1665 985 1734 contractis
996 1687 1065 1733 cum
1089 1665 1198 1732 eadem
1215 1671 1278 1732 sini

149 1782 346 1846 matrimonio
364 1775 584 1861 coniungendi.
624 1835 625 1839 ,

664 1936 753 2023 414.
811 1923 814 1926 ’

148 2097 250 2156 Breve
267 2095 319 2179 l’li
340 2097 412 2167 ⁴Vll.
433 2095 475 2157 ad
497 2093 755 2157 Maximilianum
772 2064 928 2156 Bavariae
949 2095 1070 2158 lineam
1091 2096 1131 2158 tle
1153 2088 1278 2162 calletis

183 2185 346 2267 Religioni
366 2185 461 2245 (ialin.
481 2185 638 2254 adversis,
658 2186 689 2241 et
713 2185 793 2254 sign.
814 2185 854 2242 de
871 2187 1088 2247 matrimoniis
1106 2191 1239 2262 mixtis,

186 2302 189 2309 ,
536 2274 589 2336 dd.
607 2275 654 2333 12.
669 2274 759 2359 Febr.
778 2276 867 2357 18⁰8.
938 2276 940 2281 ‘

167 2480 170 2485 .
216 2509 218 2511 Ι
241 2427 314 2491 Pius
331 2424 396 2490 vii.
428 2423 477 2489 lix
503 2445 564 2509 quo
589 2445 673 2491 anno
690 2423 789 2492 1801.
816 2425 866 2490 die
883 2426 935 2490 2¹.
953 2425 1100 2514 Augusti,
1120 2431 1198 2496 nihil
1214 2437 1279 2501 iaia

48 2567 51 2573 ·
155 2533 412 2616 exspectantibus
429 2534 522 2598 nohis
543 2534 744 2617 aileiigioue
760 2534 833 2608 Tua,
852 2533 986 2602 edictum
1002 2555 1019 2601 a
1036 2538 1078 2603 Te
1094 2539 1127 2603 in
1142 2539 1279 2610 Bavaria

154 2658 228 2706 esse
245 2640 466 2715 intelleximus,
493 2640 533 2705 ad
548 2640 716 2705 obtinenda
735 2641 848 2707 civium
860 2645 934 2726 jura
960 2661 1022 2710 non
1040 2647 1172 2728 amplius
1191 2627 1277 2715 iam·

156 2767 247 2832 quarn
262 2746 475 2812 necessariam
492 2748 702 2813 conditionem
711 2745 900 2815 Catholicanr
911 2748 1108 2833 Religionem
1131 2773 1206 2819 esse
1222 2776 1279 2823 re-

156 2853 351 2938 quirendam,
368 2854 528 2936 exp1icare
544 2855 650 2920 verbis
666 2857 732 2931 tibi,
751 2853 953 2924 dilectissima
969 2859 1001 2923 in
1018 2856 1140 2925 christo
1156 2862 1201 2927 liii
1212 2885 1278 2932 no·

156 2971 243 3040 ster,
268 2962 350 3028 haud
365 2979 542 3045 possumus,
560 2981 650 3045 quam
666 2963 868 3028 vehementer
893 2964 994 3029 animo
1012 2970 1157 3055 commoti
1173 2970 1279 3038 lueri-

83 3132 86 3138 ,
155 3087 243 3146 mus,
268 3078 332 3135 ium
358 3071 441 3153 quod
467 3076 532 3135 aie
553 3072 586 3135 in
601 3070 763 3135 Bavaricis
789 3069 976 3152 regionibus
994 3074 1166 3160 ,religionis
1183 3078 1279 3146 laude

27 3185 31 3190 ’
150 3177 377 3271 florentissimis
394 3196 431 3243 ea
448 3196 530 3243 nova
545 3177 675 3252 fierent,
704 3184 770 3243 ium
787 3179 871 3262 quod
888 3180 993 3245 statim
1006 3182 1108 3248 lutura
1126 3183 1178 3250 ilia
1195 3190 1280 3254 mala

151 3285 390 3369 prospeximus,
417 3303 498 3368 quae
519 3283 558 3348 ad
574 3285 737 3349 Ecclesiae
754 3305 791 3350 ac
806 3284 989 3379 Catholicae
1013 3288 1187 3376 Religionis
1203 3299 1280 3362 exi·

116 3461 118 3465 ,
155 3395 230 3458 tium
247 3393 299 3456 lex
315 3396 382 3476 ipsa
408 3393 623 3475 portenderet.
642 3428 681 3440 -
696 3429 735 3448 -.-
753 3393 802 3458 Ex
818 3413 880 3458 uno
896 3396 1028 3479 perinde
1045 3399 1134 3482 quasi
1150 3403 1279 3468 medio·

156 3518 211 3563 ore
227 3500 341 3563 vulnus
358 3501 503 3564 Ecclesia
529 3502 691 3586 acceperit
718 3503 880 3566 civitatis
867 3521 939 3587 Jure
956 3506 994 3568 iis
1020 3506 1194 3586 attributo,
1223 3514 1277 3594 qui

153 3604 347 3672 acatholica
364 3606 532 3691 Religione
548 3626 565 3671 a
581 3610 678 3716 prima
695 3611 833 3690 ipsorum
853 3617 956 3674 aetate
973 3612 1078 3676 aversi
1094 3613 1121 3676 si
1137 3632 1280 3709 summos

151 3712 358 3796 magistratus
385 3713 565 3789 obtineant,
600 3717 733 3779 maximo
760 3718 788 3780 ei
814 3727 1000 3803 nocumento
1028 3737 1099 3786 esse
1131 3735 1280 3804 possunt,

40 3833 43 3838 ·
154 3817 292 3882 edictum
318 3824 486 3897 astatium
513 3841 530 3884 a
556 3825 790 3906 magistratibus
815 3825 878 3888 tuis
913 3833 1024 3890 contra
1055 3831 1281 3897 sanctissimas

41 3941 46 3946 ·
153 3926 318 3990 Ecclesiae
337 3930 538 4008 sanctiones,
564 3948 604 3994 ne
621 3930 768 3995 catholici
776 3928 914 3995 taracha
930 3932 992 3996 uiia
1009 3935 1283 4017 tergiversatione

151 4035 336 4116 interposita
369 4043 522 4099 recusant
555 4035 728 4100 catholicos
766 4037 835 4100 cuni
867 4038 1048 4117 acatholicis
1079 4044 1282 4126 matrimonio

151 4142 296 4224 iungere,
322 4141 407 4225 quod
423 4145 451 4207 si
466 4143 574 4209 lacere
593 4144 781 4224 detrectent,
798 4147 939 4209 ministro
955 4147 1132 4224 lutherano,
1150 4153 1204 4233 qui
1215 4153 1281 4220 Se-

152 4249 515 4325 renissimaeEiectricis
533 4253 682 4338 coniugis
699 4259 773 4318 tuae
791 4254 930 4334 capellae
946 4231 1118 4340 praesidet,
1134 4276 1188 4324 res
1204 4279 1282 4345 per·

151 4358 274 4442 agenda
291 4359 512 4426 committatur.
543 4360 631 4434 Quod
649 4361 721 4447 quid
739 4360 821 4426 aliud
840 4368 900 4438 esi,
926 4363 986 4429 nisi
1002 4382 1061 4450 per
1077 4363 1283 4452 illegitimam
