2798 4852
1180 281 1247 351 xtt

10 478 26 539 ε’
110 490 147 545 et
164 481 361 565 objectiones
379 484 488 559 contre
506 479 587 543 illem
603 479 723 562 positus
749 479 896 542 refellere
915 478 1055 544 adnisum
1072 488 1132 543 est.
1150 480 1244 555 Libri,

112 590 170 670 qui
183 595 352 670 utrumque
377 566 574 669 praestaret,
600 592 632 649 et
648 586 751 650 inetur
774 584 935 665 officiosos
960 588 1193 652 declarationis
1207 607 1249 653 ex

111 700 208 780 parte
233 694 385 760 Guberuii
410 692 685 770 consideraretur,
714 691 819 756 titulus
845 698 930 756 erat:
964 693 1163 758 Dilucidotio
1185 697 1246 758 ud·

110 803 320 884 oracionem
345 803 504 867 merei
525 802 674 881 fleuissem
693 800 996 881 Witrlembarpicuns
1020 803 1056 863 is
1070 801 1164 864 rebus
1181 800 1244 867 se-

112 909 238 973 clesiue
261 908 457 973 Catholicae.
482 909 522 984 ¹)
546 908 663 973 Verum
688 908 837 990 scriptum
862 908 962 973 bucce
983 907 1158 975 officiosum
1173 926 1247 973 mox

111 1021 212 1097 utque
240 1015 343 1080 lucem
368 1015 514 1099 adspexit
539 1017 713 1099 publicam,
734 1015 899 1099 insigniter
927 1012 1122 1079 confutatum
1144 1015 1247 1079 extitit

110 1141 194 1206 per:
227 1124 425 1204 Responsum
448 1126 492 1188 cd
513 1123 777 1189 dilucidationem
802 1133 861 1188 etc.
886 1126 967 1206 typis
992 1123 1245 1188 Luceruensibus

108 1231 145 1293 in
164 1228 451 1295 Helvetiaeditum.
468 1229 530 1305 “l

222 1337 329 1420 lippus
353 1337 636 1418 Rcltenburgeusis
651 1337 867 1421 inexspectata
891 1338 1036 1403 biotionis
1060 1357 1138 1404 sune
1159 1347 1245 1406 sorte

106 1446 245 1509 minime
258 1451 464 1526 prostratus,
481 1445 520 1509 sd
539 1445 651 1509 Sedem
669 1446 881 1528 Apostolicsm
898 1465 933 1511 se
950 1449 1126 1521 convertit,
1144 1446 1243 1511 adue·
1293 1497 1297 1503 .

107 1559 277 1634 malaque
303 1569 401 1636 super
423 1552 534 1615 rucrito
559 1552 709 1618 Mulieris
735 1554 884 1636 praestita
916 1550 1090 1632 relatione,
1115 1555 1245 1619 obtinuit

103 1660 316 1742 Rescriptum
347 1660 560 1757 Apostolicurp
586 1659 637 1724 dd.
663 1662 715 1724 25.
741 1659 813 1725 lun.
843 1659 937 1724 lesu.
955 1663 985 1726 in
1013 1679 1074 1744 quo
1101 1662 1242 1727 Summus

103 1766 262 1835 Pontifex
276 1774 402 1849 praeter
418 1767 476 1830 alia
493 1767 642 1832 fictionis
657 1775 792 1851 puncta,
809 1759 848 1830 de
866 1770 970 1832 mixtis
987 1785 1113 1849 quoque
1131 1773 1241 1834 ornatri-

103 1877 231 1943 moniis
247 1892 365 1963 agens,
381 1875 570 1938 sententium
586 1891 692 1947 suam,
719 1876 779 1936 iam
797 1875 856 1936 alia
873 1877 1042 1940 occasione
1058 1876 1243 1941 solemniter

102 1981 360 2058 manifestatam,
385 1981 564 2053 confirmat,
590 1987 622 2043 et
640 1981 795 2046 declarat:
821 1980 902 2044 haud
919 1982 988 2046 fore
1005 1986 1241 2061 necessarlum,

102 2097 143 2152 ut
163 2086 265 2151 Sedes
281 2088 464 2170 Apostolica
481 2088 513 2151 in
530 2086 655 2152 obiecto
673 2087 735 2151 isto
756 2088 934 2152 distinctam
951 2107 988 2152 uc
1015 2091 1190 2172 specialem·
1203 2090 1242 2153 ad

102 2195 272 2280 quaslibet
287 2197 434 2276 regiones
452 2195 553 2257 mittut
579 2195 838 2270 instructionem
863 2193 919 2256 sed
946 2196 1054 2276 potius
1070 2194 1239 2260 tenendum

100 2304 233 2384 ubique
247 2301 385 2375 idesse,
411 2301 493 2384 quod
510 2320 528 2365 e
544 2317 639 2365 sensu
665 2301 808 2365 eiusdem
833 2299 923 2364 Sedis
948 2301 1049 2385 pulum
1076 2302 1238 2387 fecto—iam

102 2415 247 2474 constal.
269 2409 523 2491 Promulgstione
547 2408 704 2490 Rescripti
730 2408 881 2473 Pontifieii
894 2424 955 2490 per
973 2409 1123 2494 Regimen
1142 2411 1238 2476 Ciuile

103 2517 197 2582 baud
224 2516 377 2589 admissa,
402 2517 543 2600 Cepitulo
576 2523 678 2580 sutem
703 2519 911 2600 propositioni
939 2517 1015 2600 Eppi
1042 2519 1081 2580 de
1106 2519 1238 2601 petenda
1294 2592 1299 2598 .
1381 2510 1384 2515 ’

103 2623 344 2691 modificatione
365 2625 450 2708 legis
476 2625 596 2698 civilis,
622 2642 703 2705 quse
727 2627 934 2688 irrestriotam
960 2633 1047 2690 matr.
1073 2629 1237 2690 mixtorum
1353 2640 1359 2646 ·

103 2730 367 2800 benedictionem
395 2731 566 2813 praecipit,
599 2733 723 2794 minime
755 2729 944 2807 secedente,
976 2733 1033 2795 sed
1061 2741 1238 2819 praeeunte

102 2838 242 2904 Decsno
257 2857 279 2902 o
291 2839 454 2902 iconomo
479 2857 580 2903 novae
596 2841 697 2919 potius
714 2838 866 2901 formulae
888 2843 1161 2917 concinnationem
1178 2862 1237 2906 ur·

104 2953 228 3030 gente:
250 2945 356 3029 Eppus
374 2945 476 3010 denuo
493 2964 559 3010 ren
575 2954 670 3009 totam
687 2946 759 3010 Sedi
775 2947 977 3031 spostolicae
999 2950 1125 3026 relultt;
1149 2952 1237 3013 euius

103 3054 318 3138 seutentiain
335 3053 427 3117 Brevi
444 3054 494 3117 dd.
514 3054 557 3117 lt
573 3052 702 3118 Octobr.
724 3053 819 3117 1842.
838 3057 1001 3123 enunciata
1019 3055 1090 3119 fult:
1108 3063 1141 3119 ut
1155 3074 1237 3140 pro-

101 3166 225 3230 iectum
242 3177 343 3224 nouae
358 3162 511 3226 formulae
528 3164 657 3244 penitus¹
667 3161 837 3226 reficiatur.
860 3163 922 3227 Sed
939 3162 1029 3226 buius
1047 3164 1138 3227 etium
1157 3161 1236 3228 Bre-

102 3272 161 3336 ris
178 3269 346 3351 publicatio
361 3288 418 3353 per
434 3267 623 3341 Guberuium
641 3270 807 3335 interdictu
825 3278 892 3348 cst,
908 3287 1022 3352 resque
1040 3279 1105 3334 totu
1125 3273 1239 3336 mixto·
1289 3294 1292 3301 ·
1320 3265 1322 3269 ’

102 3395 182 3445 rum
195 3385 286 3441 metr.
298 3372 471 3443 accedente
482 3382 657 3460 cumprimis
674 3379 766 3462 gravi
782 3379 891 3442 morbo
909 3376 1052 3460 Episcopi
1063 3378 1236 3459 inpristino
1300 3414 1303 3419 ·

103 3489 176 3552 situ
197 3485 388 3569 permansit,
413 3485 615 3551 Ordinariotu
641 3487 679 3550 ad
696 3487 897 3568 qrrscstiones
923 3483 1131 3567 parochorum
1154 3485 1236 3549 houd
1340 3532 1343 3539 .

105 3594 202 3669 alius,
218 3610 308 3674 quam
324 3595 363 3667 iis
379 3595 516 3676 priorum
533 3609 685 3658 unnorum
697 3593 813 3658 similes
824 3593 1036 3657 resolutiones
1048 3594 1233 3675 elargiento,

100 3706 140 3776 ,et
159 3695 200 3761 ud
216 3678 420 3781 adoptandam
438 3718 550 3764 novum
566 3701 668 3764 miurus
684 3700 845 3763 solennem
856 3716 983 3780 precum
992 3703 1135 3780 ritusque
1151 3700 1235 3767 sueri

103 3807 243 3872 formum
258 3823 295 3869 se
310 3806 394 3871 ultro
411 3824 535 3890 quoque
559 3825 688 3890 pronum
706 3808 883 3873 exhibente.
902 3790 996 3871 'Licet
1017 3815 1118 3869 sutem
1137 3803 1235 3869 Sedes

102 3911 294 3998 Apostolicu
319 3915 412 3977 tertio
440 3913 535 3979 Brevi
560 3913 608 3978 dd.
626 3914 657 3976 2.
679 3915 755 3978 Dec.
783 3913 878 3978 1843.
897 3933 961 3980 non
989 3913 1079 3979 modo
1106 3911 1236 3996 regulus

104 4019 270 4086 Ecclesiae
287 4021 373 4085 circa
390 4021 590 4091 mutnmlxta
608 4022 711 4087 debite
729 4025 850 4088 servari
866 4025 1001 4096 iusserit,
1019 4022 1241 4115 dissensumv'e·
1320 4024 1330 4055 ·'
1351 4042 1355 4047 ·

109 4150 380 4164 mou-¹·-

215 4192 245 4262 *J
269 4196 443 4268 Beleuclstuud
462 4199 510 4252 der
530 4198 647 4269 Ampriffe
666 4217 744 4270 yepes
766 4201 807 4254 die
824 4197 958 4253 Wiirtemb.
972 4198 1194 4270 Stcotsrepierunp
1209 4203 1236 4252 in
1255 4195 1257 4198 ’
1293 4270 1300 4276 ,
1360 4192 1362 4199 ’

91 4284 211 4350 Ιδιιοῦοιι
222 4286 269 4339 dtr
279 4287 351 4341 batt.
366 4286 469 4343 Kirclte.
481 4287 591 4360 Leipzig.
606 4291 684 4342 tela.

174 4400 176 4404 ·
214 4371 265 4442 *fl
286 4374 337 4441 Dis
348 4376 518 4447 mortonem
530 4376 728 4446 strictissimis,
749 4381 811 4435 oder
824 4379 939 4434 Asetmort
949 4383 1001 4449 auf
1009 4382 1050 4434 die
1064 4379 1235 4448 Beleuedtunp
1355 4366 1360 4376 ’

100 4462 374 4520 assumsisse.
455 4516 459 4523 .
851 4527 854 4531 ,

10 4610 19 4619 .
140 4546 609 4642 nmm9,a.s.1..nm.em.
770 4609 772 4614 ·
986 4577 1029 4636 ut
