2798 4852
1127 252 1215 345 xer

88 448 236 533 exigenda
252 448 403 532 disposita
428 448 488 514 suit
504 465 600 532 super
612 468 672 524 ee,
696 447 901 530 inqualinam
927 448 1083 535 religione
1099 452 1207 534 proles

85 576 158 624 sues
173 557 300 623 educari
318 557 455 630 vellentr
472 557 611 623 libertati
626 557 817 639 sponsorum
835 558 957 634 relicto,
974 567 1128 625 nemete
1146 577 1206 641 quo

83 667 328 731 ecclesiasticam
344 666 573 751 copulationem
599 666 743 731 obtinere
769 662 960 729 desiderent.
985 661 1022 738 *)
1062 716 1065 723 ,
1092 724 1095 728 .

180 815 265 891 6.”1ιι
282 825 438 890 Helvetia.
463 824 508 889 De
524 827 743 890 recentissima
760 824 923 906 disciplina
941 822 1064 908 legibus
1082 827 1201 892 Eccle-
1235 897 1246 909 ,

78 933 144 997 siaa
161 933 318 998 conformi
334 936 543 998 testimonium
560 934 712 1017 praebent
727 932 861 998 Ritualia
877 934 1081 1006 Dioecesaua
1100 936 1205 1017 equi·

75 1041 137 1104 bus·
149 1042 378 1123 Sangallense,
403 1025 434 1104 et
450 1043 635 1129 Busiteense
651 1059 877 1118 memoramus3
893 1043 1061 1122 utrobique
1078 1043 1203 1107 licentia
1321 1078 1325 1083 -
1393 1072 1397 1077 ·

72 1148 241 1231 peculiaris
267 1149 308 1209 ad
333 1148 548 1237 contrahenda
574 1151 669 1212 mixta
697 1155 783 1211 matr.
809 1149 999 1228 requiritur;
1025 1150 1153 1231 iusuper
1170 1149 1202 1214 in
1295 1230 1299 1235 ᾖ

73 1255 270 1338 Sangallensi
301 1256 392 1319 unica
424 1252 572 1320 duntaxat
603 1252 813 1341 promulgatio
845 1252 951 1316 talium
983 1255 1202 1336 coniugiorum
1315 1306 1318 1311 .

73 1362 253 1427 admittitur.
278 1357 339 1435 **)
364 1346 514 1426 ss-Annc
531 1359 627 1426 1850.
647 1361 790 1444 quaestio
808 1359 847 1424 de
864 1358 967 1423 mixtis
992 1362 1158 1425 connubiis
1172 1365 1204 1428 in
1271 1360 1274 1364 ’
1309 1347 1313 1352 ’

71 1469 212 1534 Consilio
225 1469 393 1534 llelvctieo
409 1466 565 1535 Nationall
581 1469 736 1553 longioris
752 1468 950 1549 rariorisque
962 1465 1201 1550 disceptationis

70 1575 175 1679 sunsit
177 1566 433 1687 argumentum:
444 1593 513 1640 nam
530 1576 703 1659 projectum
721 1574 802 1658 legis
819 1573 891 1638 talla
909 1572 1089 1638 continebat
1104 1575 1199 1661 prin-

71 1668 172 1760 cipio,
200 1701 280 1766 quae
296 1682 462 1747 Ecclesiae
478 1693 510 1747 et
526 1686 605 1764 parti
627 1700 811 1764 sponsorum
838 1681 1012 1745 catholicae
1037 1680 1199 1763 praeiudi·

69 1789 158 1854 ciesa
176 1786 330 1868 ''l'uerant;
355 1789 519 1874 signanter
548 1797 588 1853 ut
613 1788 748 1855 libertati
774 1806 959 1872 sponsorum
990 1789 1196 1870 relinquatur

68 1894 298 1979 copulationem
325 1899 373 1959 sui
393 1898 450 1960 s'eu
466 1886 654 1959 a'c'ntbolico
680 1896 749 1959 sive
775 1895 1005 1978 protestantieo
1031 1895 1199 1980 religionis

69 2000 438 2088 ministro²postulandi3
462 2005 535 2068 item
551 2012 584 2068 ut
600 2004 705 2086 proles
722 2004 754 2068 ln
770 2004 928 2087 religione
943 2003 1037 2084 patris
1053 2002 1200 2069 educen-

70 2119 139 2186 tur,
164 2092 230 2177 nisi¹
241 2111 349 2193 sponsi
365 2117 469 2175 mutuo
487 2128 645 2177 consensu
662 2107 744 2174 allud
761 2113 956 2174 statuissent.
981 2104 1098 2175 Contra
1115 2108 1196 2193 pio-

68 2221 183 2282 iectum
201 2217 356 2301 legistam
373 2236 414 2282 ex
430 2226 520 2302 parte
537 2217 752 2283 nonnullorum
764 2217 895 2283 Consilii
911 2216 1119 2281 membrorum
1137 2216 1205 2281 Ca··

69 2318 293 2407 rusticorum,
290 2332 367 2390 tum
383 2314 440 2407 per
455 2326 649 2409 Episcopus,
675 2326 836 2409 ipsumque
858 2324 967 2405 Apost.
986 2319 1076 2386 Sedis
1093 2320 1208 2387 Inter-·

68 2433 215 2495 nunnioni
230 2432 539 2513 repraesentationes
557 2451 594 2496 ac
611 2435 852 2513 protestationes
869 2429 1074 2511 interpositae
1086 2438 1176 2496 erant
1189 2452 1210 2504 :j
1270 2457 1273 2463 ·

69 2525 306 2603 cerumtamen
332 2541 424 2603 exilis
449 2534 504 2603 tuit
536 2539 686 2614 allectus,
692 2539 944 2640 ιιιιιιιιοῑιιιιιιο.
958 2539 989 2601 in
1015 2538 1197 2659 conclusum

69 2645 157 2708 abiit.
183 2640 263 2719 W)

538 2814 746 2825 mnu—-

70 3009 121 3096 D)
145 2970 285 3116 huae-
298 2970 669 3083 resolutloness.
684 3007 1074 3100 congregationis
1087 3009 1197 3086 otu

103 3129 165 3204 cil
196 3131 250 3204 de
270 3131 407 3229 matr.
427 3131 583 3205 mixtis
604 3149 666 3204 ax·
680 3150 787 3206 ann·
807 3125 941 3210 isba.
963 3135 1005 3247 et
1027 3134 1161 3213 sset.

176 3325 235 3389 Pro
253 3325 343 3417 pratri
360 3325 459 3388 uetari
476 3324 590 3391 debant
607 3324 688 3389 duae
703 3306 925 3406 resolutiones,
946 3298 1022 3409 quas
1039 3329 1071 3392 S.
1090 3330 1199 3408 Officii
1306 3376 1309 3381 -

67 3433 283 3514 Corrpaepctio
300 3431 339 3495 ad
356 3436 555 3515 quaestiones
571 3451 588 3495 a
605 3433 746 3498 Parecbo
760 3433 895 3515 quodam
912 3434 1086 3515 Borussico·
1106 3412 1198 3518 posi·

67 3547 116 3601 tas
142 3537 247 3604 edidit.
274 3539 388 3603 Harum
415 3542 505 3622 prior
527 3560 553 3623 ιι.
583 3539 678 3612 1842.
707 3542 902 3625 potissimum
928 3541 967 3606 dc
993 3544 1205 3613 notitionibus.

67 3649 165 3709 mixto
184 3649 379 3710 matrimonio
397 3634 630 3730 praemittendis
648 3657 677 3710 et
698 3648 915 3714 bencdictione
932 3650 1105 3731 nuptiarum
1122 3651 1199 3715 mix·
1243 3685 1246 3689 <

174 3875 205 3943 ³¹⁴)
226 3877 292 3929 Men.
314 3878 374 3929 536.
389 3892 446 3946 pag.
468 3860 528 3930 311.
554 3905 586 3918 -
610 3880 768 3948 Allpaineine
792 3870 1015 3950 lidreltenees'tnng.
1040 3858 1197 3934 Donatistadl.

68 3970 276 4041 issupasr,
376 4035 379 4038 .
533 3988 536 3993 ·
854 3979 856 3985 ’
1044 4005 1048 4010 -
1123 3961 1126 3969 “

17 4083 20 4090 “
72 4073 73 4076 ’
173 4075 222 4143 ⁴¹¹)
251 4077 321 4129 Men.
351 4056 413 4137 537.
434 4080 496 4132 538
518 4095 575 4148 pag
604 4080 717 4132 3111-
737 4072 846 4134 Rituale
865 4083 1008 4134 Restione-
973 4040 1199 4151 Sangallense
1227 4128 1230 4132 .

64 4166 147 4221 AdS.
162 4167 276 4233 Gallum.
285 4168 419 4222 1818-
388 4169 615 4241 -Cempends'nm
628 4175 719 4225 celeris
733 4173 834 4227 seruati·
823 4190 844 4224 ιι
863 4173 1066 4224 &ortamentis
1081 4174 1198 4276 adesum
1245 4172 1248 4178 '
1347 4164 1368 4205 5

63 4258 168 4310 dioeces
191 4257 352 4310 basileensis.
366 4257 508 4312 Lacernae
523 4262 601 4314 1850.

88 4376 93 4385 ’
126 4438 129 4443 ¹
153 4361 245 4430 ***)
267 4363 336 4416 Men.
351 4365 504 4418 539-542.
527 4380 588 4434 pag.
613 4368 674 4421 814
693 4384 727 4419 ss
743 4394 774 4406 ·-
790 4349 1203 4438 Kiredenneitnngsa'trda'rtrartr.

63 4453 189 4507 Scaeua.
203 4453 351 4506 Setnrtarn.
368 4455 483 4525 lestap.
499 4457 561 4509 271.
582 4459 613 4523 ff.
629 4459 689 4508 371.
703 4458 764 4510 379.
780 4459 840 4511 tos.
856 4460 914 4512 trs.
931 4467 973 4513 et:
992 4461 1066 4516 1851.
1078 4478 1104 4529 p·
1118 4461 1162 4512 88.
