2798 4852
583 291 821 365 -ete-

136 491 252 551 ornnes
268 486 337 551 iere
355 485 500 567 Episcopi
517 487 555 548 ab
573 502 730 558 erronea,
762 492 850 548 matr.
869 487 964 549 mixta
997 484 1265 550 indiscriminatim

136 592 361 665 benedicendi,
376 592 468 672 praxi
485 591 744 675 supersederunt,
760 592 882 672 absque
893 594 1031 655 maxime
1043 592 1266 656 unionisscin-
1306 652 1313 663 ,

140 698 269 762 dandae
286 696 449 782 periculo,
476 704 506 759 ct
523 698 712 779 gravissimo
728 698 802 761 inde
820 700 1001 763 enascituro
1017 716 1075 780 per
1091 696 1185 763 tetam
1200 699 1266 767 Ec·

136 805 273 870 elesiam
284 803 433 869 scandale
446 804 594 887 Episcopi
606 803 787 886 Hunguriaa
798 793 984 868 contrariam
997 807 1116 886 praxim
1126 807 1265 869 retinere

135 912 225 977 baud
240 918 398 993 poterunt.

230 1022 328 1083 Scato
355 1019 498 1101 denique,
524 1025 652 1100 praeter
667 1020 861 1083 tristissimas
881 1040 922 1083 ex
938 1018 996 1082 bae
1012 1027 1102 1102 parte
1119 986 1265 1101 sequolas

139 1145 203 1191 non
223 1142 351 1209 pessum
368 1126 440 1188 mibi
457 1125 563 1189 celare
581 1127 637 1190 alia
657 1145 783 1208 queque
808 1127 1033 1191 infaustissimo
1059 1130 1265 1198 consectaria,

136 1252 221 1317 quae
238 1239 486 1307 enascerentur,
513 1232 541 1294 si
557 1233 700 1296 Ecclesia
719 1233 899 1316 Hungariea
916 1236 946 1297 in
963 1234 1059 1297 rebus
1075 1250 1258 1297 sacramen-

115 1418 119 1425 ,
143 1341 260 1405 talibus
279 1345 379 1403 semet
396 1338 592 1423 dispositioni
609 1347 640 1403 et
659 1338 825 1404 directioni
848 1340 1058 1422 legislationis
1075 1340 1176 1404 civilis
1194 1340 1270 1403 sub-

139 1450 288 1521 mitteret,
308 1449 408 1525 autin
424 1447 575 1520 faverem,
602 1448 652 1511 vel
670 1466 710 1510 ex
727 1465 775 1510 me
788 1456 822 1511 tu
839 1426 1091 1510 adversariorum
1107 1444 1267 1510 Ecclesiae

140 1552 416 1630 (Pretestantium)
434 1571 468 1616 sc
487 1574 502 1615 a
520 1554 623 1616 debita
642 1553 783 1617 Pontifici
799 1553 938 1618 Romano
950 1551 1126 1616 obedientia
1138 1553 1267 1616 subtra-

139 1664 246 1727 beret.
274 1661 340 1725 llec
357 1664 438 1726 enim
450 1662 547 1724 sorncl
560 1661 696 1725 admisse
708 1646 799 1725 iidem
810 1660 922 1744 procul
939 1661 1032 1723 dubie
1046 1642 1085 1723 cii
1096 1666 1268 1743 systemate

141 1787 200 1834 suo
218 1770 427 1854 progressive
445 1785 584 1849 cousque
602 1786 664 1832 non
683 1771 901 1851 quiescerent,
918 1766 1020 1833 denec
1037 1767 1182 1832 miseram
1199 1767 1264 1831 Ec·
1280 1803 1284 1810 ·

141 1877 274 1942 alesiam
290 1874 503 1960 Eungaricam
520 1876 558 1939 ad
575 1877 697 1960 plenam
716 1894 732 1938 a
759 1876 842 1953 civili
859 1875 1059 1957 legislatione
1078 1874 1266 1957 dependen-

140 1987 213 2049 tiam
230 1990 264 2061 et
280 1984 409 2048 totalem
428 1986 613 2057 servitutem
630 1984 821 2068 redigerent.
1210 1974 1214 1979 ’

240 2092 294 2156 His
311 2092 407 2176 igitur
424 2094 564 2157 erunibus
581 2094 612 2153 in
628 2091 913 2155 considerationem
926 2092 1033 2153 sumtis
1050 2091 1270 2152 incunctanter

135 2204 174 2263 ‘in
195 2200 280 2264 illam
300 2201 378 2262 abeo
397 2203 601 2263 sententiam:
619 2202 714 2262 mixta
731 2199 934 2275 matrimonia,
957 2198 1016 2260 nisi
1039 2212 1147 2258 omnes
1164 2176 1269 2277 preles

142 2312 172 2372 in
190 2306 348 2372 catholica
374 2306 534 2392 religione
552 2306 677 2369 educari
696 2290 929 2388 permittantur,
949 2303 1094 2367 benedici
1121 2311 1152 2365 et
1178 2318 1269 2385 sacro

139 2418 205 2480 ritu
226 2414 427 2478 cohonestari
439 2415 642 2494 ampliusnen
660 2413 789 2483 debere,
807 2413 873 2496 Ego
885 2419 982 2485 certe,
1001 2415 1052 2493 qui
1070 2429 1109 2473 ex
1120 2411 1176 2475 Dei
1188 2429 1264 2493 gra-

141 2526 185 2586 tia
204 2529 308 2585 aetate
327 2530 458 2585 cunctos
470 2521 650 2603 Hungariae
662 2521 825 2584 Praesules
846 2538 973 2601 supere,
990 2526 1022 2581 et
1039 2521 1155 2602 primus
1172 2517 1270 2582 forsi-

141 2637 198 2693 can
216 2648 257 2692 ex
273 2628 396 2692 illerum
412 2629 548 2712 collegio
567 2627 605 2691 ad
621 2629 755 2690 tribunal
774 2629 901 2690 aeterni
918 2624 1039 2688 Judicis
1057 2625 1198 2698 adstabo,
1215 2642 1271 2686 ra-

135 2732 262 2802 tionem
279 2735 481 2800 villicationis
496 2733 686 2809 redditurus,
705 2733 779 2798 nibil
802 2733 900 2815 magis
912 2732 1163 2815 invotistbabce,
1181 2749 1269 2813 quam

145 2848 178 2908 in
191 2844 255 2909 hae
273 2844 457 2925 quaestione
483 2860 552 2905 cum
568 2843 709 2907 Ecclesia
728 2843 884 2914 Romana,
903 2840 1090 2921 reliquarum
1106 2837 1293 2925 Ecclesia·x

149 2954 337 3019 rum'matrc
354 2958 385 3014 et
396 2946 701 3035 magistra‚{eiusque
716 2949 884 3033 Episcopo,
902 2948 980 3013 lesu
995 2946 1158 3011 christiin
1175 2949 1269 3010 terris

142 3060 275 3123 vicarie
292 3060 481 3133 consentire,
499 3067 531 3120 et
547 3057 718 3120 seeundum
735 3056 775 3130 id,
793 3056 878 3138 qued
894 3054 1038 3136 perEnm
1049 3055 1189 3125 decisum
1207 3056 1270 3131 est,‘

141 3164 443 3257 ageresOptassem
461 3166 584 3248 quidem
601 3182 663 3246 ege
681 3181 894 3246 summepere,
910 3169 943 3225 ut
960 3161 1024 3223 DD.
1036 3160 1181 3241 Episcopi
1197 3161 1271 3247 inita
1325 3226 1330 3239 q

141 3281 255 3339 mutua
272 3271 501 3337 consultatione
518 3272 597 3334 bano
614 3272 828 3353 quaestionem
848 3285 947 3349 ocyus
965 3268 1132 3347 superent,
1159 3284 1195 3327 ac
1212 3284 1272 3349 cy·
1377 3352 1380 3359 Ι

111 3374 119 3384 ’
140 3399 296 3475 caesuram
314 3380 485 3463 deinceps
478 3400 510 3443 m
527 3379 704 3443 huiusmodi
730 3376 934 3441 matrimoniis
959 3370 1186 3438 observandam
1204 3381 1273 3435 sta·
1350 3440 1363 3450 „

138 3488 267 3552 bibant.
292 3484 419 3549 iuterim
437 3502 508 3570 eum
522 3502 563 3547 ex
579 3486 732 3575 relatione
746 3485 828 3548 Gcls.
840 3482 876 3545 b.
894 3485 1035 3545 Primalis
1052 3478 1272 3552 intellexerim,
1340 3502 1346 3556 g

143 3593 334 3659 conclusum
351 3593 496 3656 inissem
516 3593 657 3674 Collegio
676 3592 739 3653 eb.
757 3592 993 3673 Episceperum,
1011 3596 1117 3652 uttela
1130 3591 1281 3669 quaestio

143 3701 247 3766 linitis
263 3701 364 3786 Regni
381 3700 522 3793 comitiis
539 3700 620 3763 Suae
631 3698 791 3763 Sanctitali
808 3697 963 3763 mediante
980 3715 1112 3761 recursu
1123 3697 1273 3761 subster-

141 3819 261 3887 natur,
284 3826 447 3893 saepeque
471 3786 532 3873 boc
558 3815 663 3872 eeturn
689 3800 845 3888 benignus
872 3807 963 3868 ctiam
991 3803 1071 3868 Suae
1095 3782 1273 3886 Majestntis
1379 3823 1382 3827 ·

140 3919 239 3986 Saer‘.
257 3923 391 3981 annulus
410 3924 580 3993 exoretur,
607 3915 644 3978 ad
661 3933 823 3979 commune
842 3914 943 3979 isthec
961 3912 1141 3977 conclusum
1160 3917 1191 3973 ct
1208 3912 1275 3988 ipse
1333 3920 1348 3953 ’-

144 4023 280 4090 aecedo.
394 4030 398 4039 '

605 4133 823 4146 νάῃ-..1
