2798 4852
577 236 811 310 ..tot-

128 457 198 502 num
213 444 270 502 est.
287 434 347 498 Sed
366 433 547 497 acerbiores
565 434 667 496 adhoc
682 432 757 496 fient
766 431 913 514 sequelae
930 431 990 494 bae
1007 432 1133 508 exinde,
1150 432 1234 516 quod.

110 547 154 609 ·si
180 545 262 607 iorte
288 542 461 606 catholicus
486 542 535 603 vir
565 547 616 602 aut
643 538 771 611 mulier,
805 541 855 621 qui
881 528 1054 605 occasione
1078 540 1147 605 initi
1162 544 1233 605 mixti

127 649 274 714 connubii
301 666 335 710 se
361 647 400 710 ad
426 645 606 708 educandas
632 646 663 706 in
689 643 892 708 confessione
918 646 1113 728 Euangeliou
1144 649 1237 729 proles

128 772 202 818 suas
227 754 427 836 obligarunt,
453 750 667 814 conscientiae
694 767 769 813 suae
795 750 925 815 stimulis
953 752 1069 834 perciti
1086 752 1239 818 admissam

128 863 249 944 culpam
265 860 433 923 emendare
461 859 657 938 cupiverint‚
681 857 713 919 id
729 859 826 921 invita
844 867 934 941 parte
952 859 1052 923 altera
1069 860 1178 924 facere
1192 881 1241 924 uc·

128 972 254 1048 queant,
272 975 303 1028 et
320 969 346 1028 si
363 966 446 1027 forte
464 964 627 1028 consilium
643 964 705 1027 boc
723 967 838 1045 exequi
855 969 1071 1044 perrexerint,
1089 969 1180 1030 etiam
1193 986 1236 1049 pu

128 1072 385 1137 iurisdictionem
401 1069 555 1153 publicam
573 1072 610 1133 ab
628 1071 771 1152 analogia
789 1073 919 1135 aliorum
937 1081 1161 1137 contractuum
1176 1077 1240 1138 ciri-

125 1180 199 1242 lium
216 1179 254 1241 ad
271 1178 498 1259 implementum
517 1195 593 1240 suae
612 1180 794 1258 sponsionis
813 1181 964 1242 coactivis
981 1180 1095 1247 mediis
1113 1200 1181 1245 cum
1194 1182 1242 1245 de·

128 1285 272 1368 plorabili
290 1285 504 1347 conscientiae
521 1301 597 1347 suae
614 1283 840 1347 violentatione
858 1285 941 1368 adigi
957 1281 1101 1349 ‘valcant
1122 1310 1126 1317 ·

216 1392 295 1457 Sunt
311 1399 438 1473 practer
455 1393 534 1454 haec
552 1391 662 1463 nobis,
680 1391 927 1455 clementissime
943 1393 1098 1464 Domine,
1116 1395 1242 1473 nonnul·

128 1499 178 1561 lue
195 1499 298 1580 quoad
315 1501 416 1580 ipsum
433 1499 525 1559 etiam
541 1497 569 1558 b.
580 1496 673 1559 huius
684 1497 895 1561 Resolutiouis
906 1506 1027 1561 textum
1045 1500 1244 1566 reflexiones:

99 1598 109 1651 ἶ
128 1623 206 1687 quas
231 1606 360 1687 perinde
386 1605 477 1688 plena
504 1622 572 1665 cum
598 1604 766 1686 homagiali
790 1605 958 1668 devotione
982 1625 1020 1669 ac
1038 1606 1155 1672 fiducia
1170 1609 1247 1671 bisce

128 1715 294 1794 complecti
310 1713 518 1787 sustinemus,
550 1711 703 1774 altissimo
723 1711 791 1775 blai.
817 1713 898 1774 Vnae
915 1712 1031 1776 SSmae
1049 1718 1180 1781 trutinio
1194 1717 1244 1778 be-

130 1821 224 1902 nigne
240 1810 410 1883 librandus.
429 1819 537 1881 Primo
554 1820 663 1882 barum
680 1827 748 1883 est:
766 1820 850 1900 quod
869 1819 932 1883 illic
944 1824 1146 1899 emundetur,
1163 1841 1248 1907 prae-

128 1934 178 1990 ter
201 1927 392 2009 propositam
417 1927 447 1987 in
464 1926 624 1990 substrato
651 1927 708 1988 sub
734 1926 894 2009 prioribus
922 1927 1063 1990 Comitiis
1081 1948 1143 2011 per
1159 1929 1245 2013 Regni

127 2031 181 2121 88.
199 2015 235 2094 ac
252 2031 317 2094 00.
335 2031 436 2113 quoad
461 2031 698 2113 religionariam
724 2031 857 2114 prolium
875 2051 892 2092 e
912 2034 1016 2095 mixtis
1046 2036 1245 2100 matrimoniis

129 2139 329 2202 oriundarurn
347 2137 563 2201 educationem
581 2136 663 2219 legis
675 2124 817 2219 p'roiecto
836 2137 1049 2202 modalitatem
1066 2149 1249 2224 „suppetere

129 2245 257 2307 alteram
283 2247 375 2308 etiam
399 2262 461 2308 non
486 2246 586 2306 miuus
612 2244 780 2307 salutarem
807 2263 843 2307 ac
868 2251 1036 2308 securam“
1069 2249 1248 2329 provisionis

128 2355 291 2416 rationem.
317 2352 381 2414 Nos
399 2351 543 2432 equidem
560 2351 667 2413 verbis
693 2351 743 2414 his
762 2362 831 2414 eum
854 2354 959 2415 inesse
977 2370 1113 2417 sensum
1131 2355 1251 2419 censui·

129 2478 216 2531 mus,
235 2458 317 2538 quod
344 2459 482 2541 benigna
508 2458 559 2521 illa
589 2457 795 2523 Resolutione
822 2476 974 2539 expressa
1002 2463 1149 2541 provisio
1174 2463 1248 2526 sitio

131 2583 166 2627 se
183 2572 244 2627 tam
262 2565 406 2628 salutaris
419 2584 509 2645 quarn
521 2583 650 2640 secura3
669 2584 737 2626 curn
756 2566 866 2628 dolore
885 2574 988 2629 tamen
1002 2572 1130 2649 experti
1144 2587 1246 2634 sumus.

100 2697 104 2703 ·
130 2672 226 2734 verbo
253 2672 305 2733 illa
324 2673 381 2733 sub
399 2672 606 2734 comitialibus
632 2672 928 2752 pertractationibus
947 2691 1004 2752 per
1023 2677 1201 2756 complures
1215 2695 1251 2738 eo

126 2777 224 2840 fuisse
242 2777 374 2852 detorta,
391 2780 481 2855 quasi
499 2777 661 2839 modalitas
677 2780 708 2839 in
721 2786 915 2856 praealtacto
927 2780 1009 2859 legis
1020 2786 1168 2860 proiecto
1180 2802 1249 2846 con·

129 2891 235 2960 tenta,
268 2884 298 2942 vi
326 2885 415 2944 euius
442 2883 546 2961 proles
572 2901 681 2946 omnes
708 2887 740 2946 in
766 2887 862 2965 patris
894 2886 1054 2966 religione
1072 2889 1246 2953 educandae

130 2988 253 3061 forent,
270 3006 328 3070 per
344 2989 414 3050 beu.
438 2988 517 3050 banc
533 2988 638 3051 Resol.
656 3009 713 3072 pro
731 2991 917 3054 salutariae
935 3010 1049 3056 secura
1069 2995 1183 3059 fuisset
1198 3013 1246 3057 re-

130 3099 278 3177 cognita:
297 3098 377 3176 quod
395 3103 495 3158 tamen
514 3115 531 3156 a
550 3099 686 3177 benigna
705 3098 773 3160 ldai.
792 3099 828 3158 V.
850 3099 938 3161 Sacr.
955 3102 1137 3164 intentione
1153 3101 1249 3183 procul

130 3203 229 3265 l'uisse
246 3211 364 3265 certum
382 3210 535 3264 tenemus.
560 3205 666 3264 Altera
691 3211 760 3266 est:
786 3206 868 3283 quod
887 3205 998 3266 eadem
1025 3208 1100 3269 ben.
1119 3209 1190 3271 iles.
1204 3209 1249 3268 de·

53 3376 55 3384 p
131 3311 251 3385 claret,
277 3311 350 3392 Maj.
369 3310 404 3370 V.
424 3309 510 3371 Sacr.
530 3312 567 3371 ab
586 3327 643 3382 eo,
669 3319 702 3372 ut
718 3311 823 3390 proles
851 3329 959 3374 omncs
987 3315 1019 3373 in
1047 3317 1154 3378 mixtis
1171 3323 1252 3376 matr.

130 3417 389 3499 progeneraudae
406 3417 437 3476 in
453 3415 607 3497 religiono
624 3421 720 3494 patris
738 3416 924 3489 educentur,
943 3420 1080 3480 alienam
1093 3440 1157 3485 non
1169 3439 1247 3483 esse:

130 3523 212 3585 unde
227 3523 366 3585 nonnulli
381 3523 536 3596 violenta,
553 3529 585 3584 ut
603 3531 755 3602 putamus,
775 3526 1041 3604 interpretatione
1058 3527 1244 3590 intulerunt:

128 3631 315 3709 propositam
332 3629 390 3690 boc
401 3629 432 3689 in
444 3646 563 3708 genere
579 3645 635 3707 per
653 3629 753 3710 Regni
772 3629 874 3689 Status
891 3639 921 3690 et
932 3627 996 3692 00.
1009 3634 1239 3715 praeceptivam.

131 3736 247 3815 absque
273 3737 335 3798 ullo
359 3737 459 3798 relate
485 3737 522 3797 ad
550 3735 664 3800 cathol.
691 3743 810 3816 partem
837 3737 1003 3807 lenimine,
1036 3738 1144 3820 legem
1159 3739 1241 3801 etiam

131 3843 275 3924 benignis
292 3843 363 3924 Maj.
383 3844 418 3902 V.
436 3844 522 3905 Sacr.
542 3844 764 3907 intentionibus
783 3863 974 3925 congruere.
993 3846 1096 3908 Porro
1114 3850 1171 3908 ima
1187 3863 1243 3905 cun

131 3949 313 4011 humillitate
346 3949 514 4012 advertere
550 3953 794 4028 praesumimus:
828 3952 911 4012 illam
944 3952 1169 4030 praelaudatae
1191 3951 1244 4011 lle·

130 4055 292 4117 solutionis
310 4059 556 4136 expressionem,
575 4075 655 4135 quae
673 4058 789 4137 dcleqe
805 4062 942 4137 receptis
956 4061 1035 4136 fidei
1060 4060 1243 4121 christianae

132 4160 383 4235 confessionibus
400 4160 556 4241 loquitur,
583 4164 706 4243 legibus
723 4165 839 4226 nostris
857 4167 998 4244 ignotam
1023 4184 1118 4228 esse:
1143 4164 1239 4245 quippe

131 4262 191 4323 hae
207 4272 299 4341 prout
315 4269 407 4329 etiam
433 4276 543 4331 cuncta
566 4269 637 4331 inde
655 4289 673 4331 a
689 4288 793 4332 rerum
811 4280 991 4335 nostrarum
1011 4275 1138 4356 origine
1154 4274 1239 4334 iuter·

133 4372 224 4428 venta
242 4369 364 4446 publica
389 4380 421 4434 ct
447 4373 640 4454 diplomatica
668 4374 745 4440 Acta
767 4381 902 4442 termino
919 4379 1124 4462 „Religionis
1140 4376 1245 4442 Catio*
