2798 4852
598 260 832 336 -aot-
945 232 948 237 ’

122 458 384 520 comminatione
409 454 633 537 indignationis
650 454 769 538 Regiae
786 462 819 518 et
835 454 1271 540 incurrendae'gravissimae

135 562 518 626 animadversionistalia
530 555 729 649 disseminari
741 562 852 640 vetuit,
869 565 1077 627 etsinemora
1089 562 1127 626 ad
1138 568 1273 635 omnium

125 672 286 732 -notitiam
303 669 438 752 perferri
456 668 571 740 volnit,
588 670 648 731 sibi
666 669 936 732 conservationem
953 688 991 732 ac
1007 673 1272 753 propagationem
1314 662 1319 667 ’

126 788 241 868 :verae
258 794 295 837 ac
307 758 405 859 'unice
421 770 975 856 salvificaeReligionisjorthadoxae
987 792 1112 858 sempor
1123 777 1273 840 maximae

130 898 245 943 curae
261 881 379 956 inisse,
406 899 504 963 seque
529 899 585 962 pro
613 898 741 945 munere
761 891 825 943 'sao
841 880 961 962 Regio,
988 899 1024 943 ao
1041 884 1273 963 paterna,''qua

139 987 373 1068 ·crgapopulos
390 988 450 1050 sibi
467 987 608 1050 subditos
620 984 958 1061 lentunsollieitudine,
969 988 1136 1050 tenerrime
1147 1001 1273 1075 capere,
1360 976 1364 981 ’

133 1099 181 1154 ἱιιι
198 1092 291 1154 iidem
309 1110 417 1156 omnes
435 1092 640 1157 orthodoxam
657 1090 843 1173 religionem
871 1092 1153 1172 amplecterentur,
1182 1101 1274 1174 atquc
1317 1118 1320 1123 ·
1380 1168 1387 1178 ἱ

142 1196 206 1261 bac
233 1201 433 1262 securissima
459 1202 508 1263 via
535 1200 668 1261 salutem
693 1201 865 1261 animarum
888 1217 1013 1261 suarum
1030 1205 1274 1282 procurarent.“

133 1302 209 1366 'lias
228 1303 349 1368 demum
374 1306 561 1371 Revertentes
583 1324 643 1385 per
669 1306 848 1386 depastam
873 1306 1046 1384 ,losephom
1072 1308 1102 1368 2.
1129 1306 1275 1370 abolitas,

141 1412 249 1475 solnm
273 1430 303 1473 a.
330 1412 423 1474 1792.
440 1414 474 1474 in
501 1412 667 1474 obversum
692 1413 772 1492 legia
804 1428 864 1491 per
900 1413 1096 1475 eoeeotaham
1118 1413 1276 1475 duntaxat

134 1526 331 1598 potestatem
349 1520 451 1581 medio
468 1518 708 1598 Rescriptoram
725 1520 760 1579 ia
775 1536 866 1580 asaro
883 1525 1053 1578 revocatas
1066 1519 1181 1594 faisse,
1206 1536 1276 1582 cum

132 1624 279 1687 thistoria
296 1630 467 1702 temporam
478 1621 601 1686 illorum
614 1641 675 1687 non
687 1625 855 1685 consentit.
870 1619 945 1683 Cum
971 1619 1052 1684 enim
1064 1624 1194 1705 exigere
1205 1622 1271 1684 Ro-

134 1728 1278 1810 ··versalescautumbenevolcdatasetmutuaesponsoruniconventioni
1343 1759 1348 1767 ·
1383 1723 1388 1729 ’

130 1837 273 1905 innixas
290 1843 455 1915 acceptare
466 1828 717 1914 semperlicitum
733 1833 845 1895 luerit:
863 1824 921 1894 hae
939 1820 971 1894 et
987 1839 1128 1913 tempore
1139 1833 1203 1909 illo,
1215 1852 1277 1914 quo
1389 1883 1394 1893 ,

133 1948 207 2004 art.
227 1941 269 2002 26
281 1922 291 2000 ι’
315 1940 410 2004 1791.
428 1941 509 2005 lalus
525 1942 647 2013 luerat,
674 1948 705 2002 et
726 1941 883 2019 subsequa
901 1939 992 1999 ctiam
1010 1954 1099 1999 suurn
1117 1936 1276 2000 habebant

134 2048 313 2129 uigorem,
337 2032 432 2130 atque
457 2055 519 2110 tam
546 2050 578 2110 in
604 2047 716 2126 spiritu
741 2043 833 2106 huius
858 2042 959 2123 legis,
985 2060 1075 2122 quam
1093 2049 1123 2103 et
1138 2043 1277 2121 vigentis

143 2173 225 2220 usus
241 2155 380 2218 D'ecrcto
398 2153 508 2217 Aulion
521 2153 560 2214 de
582 2150 633 2212 17:
648 2150 726 2214 Nou.
742 2131 1074 2223 i'ltll.conlirmatae,
1093 2156 1123 2208 ct
1141 2165 1168 2209 a.
1189 2146 1291 2211 1⁷92·
1348 2164 1352 2171 ·

147 2261 209 2323 sub
226 2260 280 2322 25.
296 2259 378 2340 Sept.
403 2259 504 2321 medio
529 2258 635 2340 bgnae
651 2255 723 2319 Res.
742 2255 860 2337 Regiae
878 2254 1026 2316 Parochis
1045 2252 1165 2333 quidem
1179 2256 1278 2317 inter·
1328 2296 1331 2301 -

151 2367 268 2445 dictum
294 2366 370 2438 luit,
397 2368 427 2428 in
450 2383 526 2428 casu
553 2361 682 2426 ineundi
699 2362 883 2424 matrimonii
900 2360 987 2422 mixti
1004 2360 1139 2441 exigere
1154 2360 1278 2424 Rever·
1365 2361 1368 2367 '

138 2473 257 2547 sales,
280 2473 306 2534 si
324 2480 426 2546 tamon
443 2489 499 2550 per
516 2487 665 2552 sponsum
691 2467 906 2550 evangelicam
923 2465 1079 2531 benevole
1096 2465 1187 2528 datae
1204 2464 1278 2528 lue·
1376 2442 1381 2455 ¹

146 2580 234 2652 rint,
251 2578 377 2665 effectui
402 2576 529 2640 easdem
546 2578 724 2657 mancipare
737 2570 943 2658 dispositum3
979 2592 1057 2653 quae
1086 2590 1148 2641 non
1174 2572 1280 2650 aliud,

113 2680 245 2773 'mnam
271 2670 566 2767 'republicationem
603 2682 822 2746 ordinationis¹
842 2678 963 2759 Regiae
996 2697 1053 2760 per
1092 2679 1172 2758 dag.
1204 2678 1279 2760 lmp.

145 2792 325 2874 losephum
351 2774 380 2854 2.
407 2793 465 2854 sub
494 2790 633 2853 tholah
661 2788 756 2850 1782.
775 2787 877 2851 editae
895 2785 1096 2860 continebat,
1114 2793 1147 2846 ct
1164 2786 1281 2866 uigen-

148 2910 216 2973 tem
234 2918 323 2963 usum
345 2898 504 2992 stabilivit.
1106 2892 1113 2903 “

244 3007 466 3079 consectaria,
492 3022 572 3085 quae
598 2998 776 3075 docuntur,
796 2999 879 3081 qood
902 3016 961 3078 per
977 2999 1161 3076 impertitum
1177 3016 1273 3076 copn·
1386 3023 1388 3055 ;

138 3113 303 3175 lotionem
321 3112 484 3174 coactioni
504 3111 661 3190 physicae
678 3117 708 3168 et
732 3107 849 3168 morati
870 3103 1180 3181 anso-praebeatur,
1206 3121 1280 3162 moa

150 3220 293 3282 acerbas
308 3218 398 3280 dolor
414 3228 588 3291 noscatur,
606 3233 669 3275 nort
685 3230 762 3275 raro
778 3214 859 3274 mole
875 3218 1039 3272 contentas
1056 3210 1181 3268 animae
1195 3225 1276 3286 pra-

137 3326 303 3396 edoctor,
320 3322 430 3384 iarbae
441 3341 479 3383 ac
496 3323 710 3383 contentiones
725 3322 759 3380 in
774 3316 1004 3378 matrimoniali
1015 3314 1146 3392 saedere
1164 3316 1277 3375 cican-

139 3444 209 3497 'tor
221 3430 297 3490 baec
308 3429 475 3489 etiarnsine
485 3425 707 3489 Reversalihus
719 3421 749 3485 in
762 3421 868 3484 mixtis
885 3421 1087 3483 matrimoniis
1099 3419 1203 3482 locum
1218 3419 1280 3479 ha-

143 3541 252 3613 ·bent,
271 3538 310 3600 ob
328 3554 407 3617 qnae
424 3536 475 3597 illa
492 3552 556 3596 non
573 3533 690 3594 admitti
708 3532 907 3612 promiscue,
934 3526 990 3590 sed
1016 3524 1159 3606 impediri
1177 3524 1286 3607 potius
1367 3527 1383 3609 f

142 3647 320 3708 deberent.
338 3642 544 3722 Frequentius
559 3638 674 3729 vantem,
691 3643 723 3698 et¹
738 3635 833 3717 longe
849 3636 996 3697 acerbius
1013 3648 1085 3721 sese
1103 3636 1285 3707 exererent,

148 3757 186 3818 si
195 3749 380 3833 evangelici
390 3752 485 3829 patris
496 3746 680 3827 religionem
689 3758 799 3805 oannes
810 3740 927 3821 proles,
941 3747 974 3801 ut
984 3741 1181 3823 proponitur,
1199 3742 1290 3814 sequi
1312 3753 1330 3787 ‘-

144 3850 333 3930 ndehcrent3
357 3863 432 3918 tunc
449 3862 537 3920 corte
558 3859 588 3914 et
604 3832 755 3931 physicae
772 3851 816 3925 vi,
839 3855 870 3909 et
885 3846 994 3909 morali
1012 3843 1181 3917 coactioni,
1198 3838 1286 3914 nullo

148 3971 352 4047 suppetente
368 3959 601 4042 praesuntionis
613 3942 768 4028 remedio,
778 3954 872 4036 quale
889 3970 972 4016 nunc
989 3953 1126 4033 suppetit
1142 3951 1172 4008 in
1185 3952 1290 4008 mutua

129 4071 385 4145 *conventione
397 4041 697 4148 ansepraeberetnr.
716 4060 946 4124 Acerbissimus
963 4057 1070 4130 dolor,
1090 4058 1151 4116 imo
1170 4051 1288 4133 despe'-
1326 4082 1330 4088 -

155 4181 244 4260 ‘ratio
257 4175 444 4240 excruciare
461 4174 508 4234 vel
526 4173 660 4234 maxime
678 4168 803 4231 debebit
816 4171 934 4246 partem
948 4162 1141 4248 catholicam,
1157 4157 1289 4249 recogi.-

148 4283 261 4349 tando
287 4280 444 4365 penitius,
470 4277 552 4359 quod
570 4284 679 4340 contra
696 4273 863 4355 religionis
880 4289 956 4332 suae
973 4264 1128 4351 principia
1146 4272 1176 4326 ct
1192 4280 1290 4345 prae-

147 4398 256 4472 .'cepta
274 4391 383 4471 egerit,
401 4386 570 4466 prolesque
587 4399 660 4444 suas
678 4375 977 4442 discrinrini'salutis
997 4373 1199 4457 exposuerim
1223 4384 1293 4432 oum
1358 4366 1374 4413 ’-
