<?xml version="1.0" encoding="UTF-8"?>
<!DOCTYPE html PUBLIC "-//W3C//DTD XHTML 1.0 Transitional//EN"
    "http://www.w3.org/TR/xhtml1/DTD/xhtml1-transitional.dtd">
<html xmlns="http://www.w3.org/1999/xhtml" xml:lang="en" lang="en">
 <head>
  <title>
</title>
<meta http-equiv="Content-Type" content="text/html;charset=utf-8" />
  <meta name='ocr-system' content='tesseract 3.04.00' />
  <meta name='ocr-capabilities' content='ocr_page ocr_carea ocr_par ocr_line ocrx_word'/>
</head>
<body>
  <div class='ocr_page' id='page_1' title='image "./dematrimoniismi00roskgoog_0611.png"; bbox 0 0 2798 4852; ppageno 0'>
   <div class='ocr_carea' id='block_1_1' title="bbox 383 245 825 359">
    <p class='ocr_par' dir='ltr' id='par_1_1' title="bbox 383 245 825 359">
     <span class='ocr_line' id='line_1_1' title="bbox 383 245 825 359; baseline 0.005 -2"><span class='ocrx_word' id='word_1_1' title='bbox 383 249 386 254; x_wconf 77' lang='grc'><strong>’</strong></span> <span class='ocrx_word' id='word_1_2' title='bbox 472 319 476 323; x_wconf 93' lang='grc'>-</span> <span class='ocrx_word' id='word_1_3' title='bbox 575 245 825 359; x_wconf 33' lang='lat' dir='ltr'>aare*</span> 
     </span>
    </p>
   </div>
   <div class='ocr_carea' id='block_1_2' title="bbox 139 472 1254 670">
    <p class='ocr_par' dir='ltr' id='par_1_2' title="bbox 139 472 1254 670">
     <span class='ocr_line' id='line_1_2' title="bbox 140 472 1253 570; baseline -0.004 -23"><span class='ocrx_word' id='word_1_4' title='bbox 140 482 219 556; x_wconf 90' lang='lat' dir='ltr'>illis‚</span> <span class='ocrx_word' id='word_1_5' title='bbox 236 486 401 563; x_wconf 83' lang='lat' dir='ltr'>antequam</span> <span class='ocrx_word' id='word_1_6' title='bbox 419 479 458 544; x_wconf 87' lang='lat' dir='ltr'>ad</span> <span class='ocrx_word' id='word_1_7' title='bbox 475 479 627 566; x_wconf 90' lang='lat' dir='ltr'>agendum</span> <span class='ocrx_word' id='word_1_8' title='bbox 644 479 832 570; x_wconf 79' lang='lat' dir='ltr'>procedant,</span> <span class='ocrx_word' id='word_1_9' title='bbox 860 478 985 562; x_wconf 76' lang='lat' dir='ltr'>praevie</span> <span class='ocrx_word' id='word_1_10' title='bbox 1002 493 1131 560; x_wconf 79' lang='lat' dir='ltr'><strong>semper</strong></span> <span class='ocrx_word' id='word_1_11' title='bbox 1149 472 1187 541; x_wconf 90' lang='lat' dir='ltr'>ad</span> <span class='ocrx_word' id='word_1_12' title='bbox 1202 478 1253 543; x_wconf 86' lang='lat' dir='ltr'>Ol·</span> 
     </span>
     <span class='ocr_line' id='line_1_3' title="bbox 139 586 1254 670; baseline -0.004 -16"><span class='ocrx_word' id='word_1_13' title='bbox 139 590 240 656; x_wconf 80' lang='lat' dir='ltr'>iolum</span> <span class='ocrx_word' id='word_1_14' title='bbox 255 591 483 655; x_wconf 87' lang='lat' dir='ltr'>Dioecesanum</span> <span class='ocrx_word' id='word_1_15' title='bbox 500 607 557 670; x_wconf 92' lang='lat' dir='ltr'>pro</span> <span class='ocrx_word' id='word_1_16' title='bbox 568 590 740 655; x_wconf 89' lang='lat' dir='ltr'>inviatione</span> <span class='ocrx_word' id='word_1_17' title='bbox 758 587 831 653; x_wconf 92' lang='lat' dir='ltr'>inde</span> <span class='ocrx_word' id='word_1_18' title='bbox 848 586 1031 669; x_wconf 87' lang='lat' dir='ltr'>accipienda</span> <span class='ocrx_word' id='word_1_19' title='bbox 1046 586 1254 668; x_wconf 29' lang='lat' dir='ltr'>reserant..-</span> 
     </span>
    </p>
   </div>
   <div class='ocr_carea' id='block_1_3' title="bbox 593 756 802 767">
    <p class='ocr_par' dir='ltr' id='par_1_3' title="bbox 593 756 802 767">
     <span class='ocr_line' id='line_1_4' title="bbox 593 756 802 767; baseline -0.014 0"><span class='ocrx_word' id='word_1_20' title='bbox 593 756 780 767; x_wconf 52' lang='lat' dir='ltr'>—u-a--m--m</span> <span class='ocrx_word' id='word_1_21' title='bbox 786 757 802 763; x_wconf 83' lang='lat'>.-</span> 
     </span>
    </p>
   </div>
   <div class='ocr_carea' id='block_1_4' title="bbox 590 876 745 977">
    <p class='ocr_par' dir='ltr' id='par_1_4' title="bbox 590 876 745 977">
     <span class='ocr_line' id='line_1_5' title="bbox 590 876 745 977; baseline -0.013 -28"><span class='ocrx_word' id='word_1_22' title='bbox 590 973 593 977; x_wconf 28' lang='grc'>,</span> <span class='ocrx_word' id='word_1_23' title='bbox 658 876 745 949; x_wconf 81' lang='lat' dir='ltr'>err.</span> 
     </span>
    </p>
   </div>
   <div class='ocr_carea' id='block_1_5' title="bbox 3 1038 1255 1243">
    <p class='ocr_par' dir='ltr' id='par_1_5' title="bbox 3 1038 1255 1243">
     <span class='ocr_line' id='line_1_6' title="bbox 3 1038 1255 1143; baseline -0.008 -12"><span class='ocrx_word' id='word_1_24' title='bbox 3 1038 28 1131; x_wconf 28' lang='grc'>’.</span> <span class='ocrx_word' id='word_1_25' title='bbox 64 1060 67 1067; x_wconf 83' lang='grc'><strong>’</strong></span> <span class='ocrx_word' id='word_1_26' title='bbox 140 1046 587 1141; x_wconf 76' lang='lat' dir='ltr'>Repraesentatloilpporum</span> <span class='ocrx_word' id='word_1_27' title='bbox 601 1066 783 1137; x_wconf 72' lang='lat' dir='ltr'>{longeriae</span> <span class='ocrx_word' id='word_1_28' title='bbox 802 1067 980 1143; x_wconf 68' lang='lat' dir='ltr'>collegam</span> <span class='ocrx_word' id='word_1_29' title='bbox 992 1038 1255 1142; x_wconf 72' lang='lat' dir='ltr'>Apostolicorum</span> 
     </span>
     <span class='ocr_line' id='line_1_7' title="bbox 415 1157 998 1243; baseline 0 -29"><span class='ocrx_word' id='word_1_30' title='bbox 415 1159 543 1215; x_wconf 83' lang='lat' dir='ltr'>oblecto</span> <span class='ocrx_word' id='word_1_31' title='bbox 557 1157 649 1214; x_wconf 86' lang='lat' dir='ltr'>malr.</span> <span class='ocrx_word' id='word_1_32' title='bbox 663 1157 840 1214; x_wconf 85' lang='lat' dir='ltr'>mixtorum</span> <span class='ocrx_word' id='word_1_33' title='bbox 854 1173 883 1216; x_wconf 86' lang='lat' dir='ltr'>a.</span> <span class='ocrx_word' id='word_1_34' title='bbox 896 1158 998 1243; x_wconf 65' lang='grc' dir='ltr'>1852.ι</span> 
     </span>
    </p>
   </div>
   <div class='ocr_carea' id='block_1_6' title="bbox 140 1316 1266 1627">
    <p class='ocr_par' dir='ltr' id='par_1_6' title="bbox 140 1316 1266 1627">
     <span class='ocr_line' id='line_1_8' title="bbox 228 1316 1266 1408; baseline -0.003 -19"><span class='ocrx_word' id='word_1_35' title='bbox 228 1324 442 1392; x_wconf 80' lang='lat' dir='ltr'>sacratissima</span> <span class='ocrx_word' id='word_1_36' title='bbox 459 1335 519 1390; x_wconf 88' lang='lat' dir='ltr'>etc.</span> <span class='ocrx_word' id='word_1_37' title='bbox 540 1359 576 1370; x_wconf 93' lang='lat'>-</span> <span class='ocrx_word' id='word_1_38' title='bbox 601 1359 637 1370; x_wconf 89' lang='lat'><strong>—</strong></span> <span class='ocrx_word' id='word_1_39' title='bbox 655 1316 706 1389; x_wconf 89' lang='lat' dir='ltr'>lll.</span> <span class='ocrx_word' id='word_1_40' title='bbox 730 1327 904 1408; x_wconf 79' lang='lat' dir='ltr'><strong>Religionis</strong></span> <span class='ocrx_word' id='word_1_41' title='bbox 921 1342 1048 1391; x_wconf 85' lang='lat' dir='ltr'>sensnm</span> <span class='ocrx_word' id='word_1_42' title='bbox 1067 1323 1147 1389; x_wconf 90' lang='lat' dir='ltr'>nihil</span> <span class='ocrx_word' id='word_1_43' title='bbox 1166 1328 1266 1406; x_wconf 83' lang='lat' dir='ltr'>magis·</span> 
     </span>
     <span class='ocr_line' id='line_1_9' title="bbox 140 1435 1255 1525; baseline -0.004 -25"><span class='ocrx_word' id='word_1_44' title='bbox 140 1436 291 1509; x_wconf 82' lang='lat' dir='ltr'>inlrrmat,</span> <span class='ocrx_word' id='word_1_45' title='bbox 308 1436 552 1518; x_wconf 74' lang='lat' dir='ltr'>praefocatum,</span> <span class='ocrx_word' id='word_1_46' title='bbox 571 1454 661 1525; x_wconf 87' lang='lat' dir='ltr'>quam</span> <span class='ocrx_word' id='word_1_47' title='bbox 679 1436 774 1498; x_wconf 84' lang='lat' dir='ltr'>mixta</span> <span class='ocrx_word' id='word_1_48' title='bbox 793 1437 998 1509; x_wconf 88' lang='lat' dir='ltr'>matrimonia,</span> <span class='ocrx_word' id='word_1_49' title='bbox 1016 1438 1043 1499; x_wconf 93' lang='lat' dir='ltr'>si</span> <span class='ocrx_word' id='word_1_50' title='bbox 1061 1435 1255 1518; x_wconf 83' lang='lat' dir='ltr'>praesertin,</span> 
     </span>
     <span class='ocr_line' id='line_1_10' title="bbox 140 1541 1257 1627; baseline -0.002 -21"><span class='ocrx_word' id='word_1_51' title='bbox 140 1551 233 1627; x_wconf 89' lang='lat' dir='ltr'>prout</span> <span class='ocrx_word' id='word_1_52' title='bbox 248 1545 298 1608; x_wconf 90' lang='lat' dir='ltr'>his</span> <span class='ocrx_word' id='word_1_53' title='bbox 315 1543 717 1608; x_wconf 72' lang='lat' dir='ltr'>diebuslrotrrehemcntcr</span> <span class='ocrx_word' id='word_1_54' title='bbox 728 1543 878 1618; x_wconf 91' lang='lat' dir='ltr'>dolemus</span> <span class='ocrx_word' id='word_1_55' title='bbox 900 1543 1119 1607; x_wconf 75' lang='lat' dir='ltr'>crebrescant.</span> <span class='ocrx_word' id='word_1_56' title='bbox 1138 1541 1257 1606; x_wconf 77' lang='lat' dir='ltr'>&#39;l&#39;ristis-</span> 
     </span>
    </p>
   </div>
   <div class='ocr_carea' id='block_1_7' title="bbox 6 1650 1257 1747">
    <p class='ocr_par' dir='ltr' id='par_1_7' title="bbox 6 1650 1257 1747">
     <span class='ocr_line' id='line_1_11' title="bbox 6 1650 1257 1747; baseline -0.001 -34"><span class='ocrx_word' id='word_1_57' title='bbox 6 1734 12 1745; x_wconf 82' lang='lat'><strong>.</strong></span> <span class='ocrx_word' id='word_1_58' title='bbox 46 1702 50 1707; x_wconf 96' lang='lat'>.</span> <span class='ocrx_word' id='word_1_59' title='bbox 141 1651 217 1714; x_wconf 91' lang='lat' dir='ltr'>sima</span> <span class='ocrx_word' id='word_1_60' title='bbox 244 1653 321 1714; x_wconf 90' lang='lat' dir='ltr'>haec</span> <span class='ocrx_word' id='word_1_61' title='bbox 345 1655 511 1715; x_wconf 88' lang='lat' dir='ltr'>mixtorum</span> <span class='ocrx_word' id='word_1_62' title='bbox 538 1652 766 1716; x_wconf 85' lang='lat' dir='ltr'>connubiorum</span> <span class='ocrx_word' id='word_1_63' title='bbox 792 1654 989 1735; x_wconf 85' lang='lat' dir='ltr'>consectaria</span> <span class='ocrx_word' id='word_1_64' title='bbox 1016 1650 1257 1747; x_wconf 86' lang='lat' dir='ltr'>primoquidem</span> 
     </span>
    </p>
   </div>
   <div class='ocr_carea' id='block_1_8' title="bbox 131 1740 1255 1842">
    <p class='ocr_par' dir='ltr' id='par_1_8' title="bbox 131 1740 1255 1842">
     <span class='ocr_line' id='line_1_12' title="bbox 131 1740 1255 1842; baseline -0.003 -21"><span class='ocrx_word' id='word_1_65' title='bbox 131 1761 171 1821; x_wconf 84' lang='lat' dir='ltr'>¹in</span> <span class='ocrx_word' id='word_1_66' title='bbox 189 1759 320 1842; x_wconf 91' lang='lat' dir='ltr'>singulis</span> <span class='ocrx_word' id='word_1_67' title='bbox 337 1758 480 1830; x_wconf 85' lang='lat' dir='ltr'>familiis,</span> <span class='ocrx_word' id='word_1_68' title='bbox 498 1740 610 1821; x_wconf 86' lang='lat' dir='ltr'>deinde</span> <span class='ocrx_word' id='word_1_69' title='bbox 628 1776 702 1822; x_wconf 86' lang='lat' dir='ltr'>vero</span> <span class='ocrx_word' id='word_1_70' title='bbox 720 1759 759 1820; x_wconf 92' lang='lat' dir='ltr'>in</span> <span class='ocrx_word' id='word_1_71' title='bbox 767 1760 832 1840; x_wconf 89' lang='lat' dir='ltr'>ipsa</span> <span class='ocrx_word' id='word_1_72' title='bbox 850 1759 976 1822; x_wconf 89' lang='lat' dir='ltr'>civitate</span> <span class='ocrx_word' id='word_1_73' title='bbox 995 1761 1174 1841; x_wconf 88' lang='lat' dir='ltr'>conspicua</span> <span class='ocrx_word' id='word_1_74' title='bbox 1191 1774 1255 1819; x_wconf 86' lang='lat' dir='ltr'>era·</span> 
     </span>
    </p>
   </div>
   <div class='ocr_carea' id='block_1_9' title="bbox 14 1862 1258 2177">
    <p class='ocr_par' dir='ltr' id='par_1_9' title="bbox 14 1862 1258 2177">
     <span class='ocr_line' id='line_1_13' title="bbox 16 1862 1256 1951; baseline -0.002 -23"><span class='ocrx_word' id='word_1_75' title='bbox 16 1862 66 1905; x_wconf 73' lang='lat'>&#39;··&#39;</span> <span class='ocrx_word' id='word_1_76' title='bbox 140 1866 224 1930; x_wconf 88' lang='lat' dir='ltr'>dunt.</span> <span class='ocrx_word' id='word_1_77' title='bbox 256 1866 336 1937; x_wconf 84' lang='lat' dir='ltr'>Dum·</span> <span class='ocrx_word' id='word_1_78' title='bbox 359 1867 502 1942; x_wconf 87' lang='lat' dir='ltr'>nimirum</span> <span class='ocrx_word' id='word_1_79' title='bbox 527 1870 680 1950; x_wconf 84' lang='lat' dir='ltr'>coniuges</span> <span class='ocrx_word' id='word_1_80' title='bbox 707 1869 738 1931; x_wconf 90' lang='lat' dir='ltr'>in</span> <span class='ocrx_word' id='word_1_81' title='bbox 757 1886 794 1932; x_wconf 92' lang='lat' dir='ltr'>re</span> <span class='ocrx_word' id='word_1_82' title='bbox 818 1868 1004 1951; x_wconf 83' lang='lat' dir='ltr'>gravissima</span> <span class='ocrx_word' id='word_1_83' title='bbox 1031 1873 1076 1930; x_wconf 89' lang='lat' dir='ltr'>et</span> <span class='ocrx_word' id='word_1_84' title='bbox 1084 1868 1256 1936; x_wconf 89' lang='lat' dir='ltr'>sacerrima</span> 
     </span>
     <span class='ocr_line' id='line_1_14' title="bbox 49 1973 1258 2058; baseline 0.003 -27"><span class='ocrx_word' id='word_1_85' title='bbox 49 2024 53 2031; x_wconf 95' lang='lat'>.</span> <span class='ocrx_word' id='word_1_86' title='bbox 139 1974 435 2058; x_wconf 86' lang='lat' dir='ltr'>religionescilicet</span> <span class='ocrx_word' id='word_1_87' title='bbox 451 1973 656 2049; x_wconf 84' lang='lat' dir='ltr'>dissentiunt,</span> <span class='ocrx_word' id='word_1_88' title='bbox 675 1976 736 2050; x_wconf 84' lang='lat' dir='ltr'>ita,</span> <span class='ocrx_word' id='word_1_89' title='bbox 754 1981 786 2040; x_wconf 93' lang='lat' dir='ltr'>ut</span> <span class='ocrx_word' id='word_1_90' title='bbox 803 1974 884 2057; x_wconf 88' lang='lat' dir='ltr'>qnod</span> <span class='ocrx_word' id='word_1_91' title='bbox 900 1975 980 2038; x_wconf 85' lang='lat' dir='ltr'>alter</span> <span class='ocrx_word' id='word_1_92' title='bbox 991 1993 1117 2039; x_wconf 86' lang='lat' dir='ltr'>summa</span> <span class='ocrx_word' id='word_1_93' title='bbox 1132 1993 1258 2039; x_wconf 89' lang='lat' dir='ltr'>venera·</span> 
     </span>
     <span class='ocr_line' id='line_1_15' title="bbox 14 2079 1257 2177; baseline 0.006 -33"><span class='ocrx_word' id='word_1_94' title='bbox 14 2079 17 2083; x_wconf 81' lang='grc'><strong>’</strong></span> <span class='ocrx_word' id='word_1_95' title='bbox 65 2126 83 2177; x_wconf 76' lang='lat'>,&#39;</span> <span class='ocrx_word' id='word_1_96' title='bbox 118 2082 223 2146; x_wconf 86' lang='lat' dir='ltr'>&#39;tione</span> <span class='ocrx_word' id='word_1_97' title='bbox 240 2083 315 2167; x_wconf 83' lang='lat' dir='ltr'>colit</span> <span class='ocrx_word' id='word_1_98' title='bbox 331 2089 362 2145; x_wconf 90' lang='lat' dir='ltr'>et</span> <span class='ocrx_word' id='word_1_99' title='bbox 387 2083 584 2164; x_wconf 84' lang='lat' dir='ltr'>frequentat,</span> <span class='ocrx_word' id='word_1_100' title='bbox 614 2082 706 2146; x_wconf 90' lang='lat' dir='ltr'>alteri</span> <span class='ocrx_word' id='word_1_101' title='bbox 722 2080 916 2155; x_wconf 82' lang='lat' dir='ltr'>indifferens,</span> <span class='ocrx_word' id='word_1_102' title='bbox 933 2081 1074 2155; x_wconf 86' lang='lat' dir='ltr'>obvium,</span> <span class='ocrx_word' id='word_1_103' title='bbox 1092 2082 1257 2155; x_wconf 83' lang='lat' dir='ltr'>ridiculum.</span> 
     </span>
    </p>
   </div>
   <div class='ocr_carea' id='block_1_10' title="bbox 139 2190 1258 2274">
    <p class='ocr_par' dir='ltr' id='par_1_10' title="bbox 139 2190 1258 2274">
     <span class='ocr_line' id='line_1_16' title="bbox 139 2190 1258 2274; baseline 0.001 -20"><span class='ocrx_word' id='word_1_104' title='bbox 139 2190 588 2274; x_wconf 82' lang='lat' dir='ltr'>superstitiosumvelomnino</span> <span class='ocrx_word' id='word_1_105' title='bbox 599 2190 775 2255; x_wconf 90' lang='lat' dir='ltr'>idololatria</span> <span class='ocrx_word' id='word_1_106' title='bbox 786 2190 1196 2274; x_wconf 76' lang='lat' dir='ltr'>videaturaprolectoalind</span> <span class='ocrx_word' id='word_1_107' title='bbox 1207 2210 1258 2256; x_wconf 88' lang='lat' dir='ltr'>non</span> 
     </span>
    </p>
   </div>
   <div class='ocr_carea' id='block_1_11' title="bbox 65 2286 1257 2503">
    <p class='ocr_par' dir='ltr' id='par_1_11' title="bbox 12 2286 1257 2503">
     <span class='ocr_line' id='line_1_17' title="bbox 76 2286 1257 2397; baseline -0.005 -31.308"><span class='ocrx_word' id='word_1_108' title='bbox 76 2286 84 2293; x_wconf 60' lang='grc'><strong><em>’</em></strong></span> <span class='ocrx_word' id='word_1_109' title='bbox 139 2305 260 2372; x_wconf 80' lang='lat' dir='ltr'>restat„</span> <span class='ocrx_word' id='word_1_110' title='bbox 279 2317 368 2380; x_wconf 86' lang='lat' dir='ltr'>quarn</span> <span class='ocrx_word' id='word_1_111' title='bbox 385 2306 420 2361; x_wconf 89' lang='grc' dir='ltr'>ιιι</span> <span class='ocrx_word' id='word_1_112' title='bbox 436 2299 516 2362; x_wconf 89' lang='lat' dir='ltr'>alter</span> <span class='ocrx_word' id='word_1_113' title='bbox 533 2298 664 2380; x_wconf 62' lang='lat' dir='ltr'>alterjum</span> <span class='ocrx_word' id='word_1_114' title='bbox 682 2299 720 2362; x_wconf 89' lang='lat' dir='ltr'>ad</span> <span class='ocrx_word' id='word_1_115' title='bbox 739 2317 812 2363; x_wconf 89' lang='lat' dir='ltr'>suas</span> <span class='ocrx_word' id='word_1_116' title='bbox 833 2306 939 2397; x_wconf 83' lang='lat' dir='ltr'>partes</span> <span class='ocrx_word' id='word_1_117' title='bbox 955 2300 1150 2382; x_wconf 87' lang='lat' dir='ltr'>pertrahat,</span> <span class='ocrx_word' id='word_1_118' title='bbox 1169 2299 1216 2363; x_wconf 88' lang='lat' dir='ltr'>vel</span> <span class='ocrx_word' id='word_1_119' title='bbox 1230 2306 1257 2363; x_wconf 87' lang='lat' dir='ltr'>ut</span> 
     </span>
     <span class='ocr_line' id='line_1_18' title="bbox 65 2402 1256 2503; baseline 0.003 -35"><span class='ocrx_word' id='word_1_120' title='bbox 65 2492 70 2497; x_wconf 10' lang='grc' dir='ltr'><strong><em>ὁ</em></strong></span> <span class='ocrx_word' id='word_1_121' title='bbox 140 2402 229 2503; x_wconf 78' lang='lat' dir='ltr'>arnho</span> <span class='ocrx_word' id='word_1_122' title='bbox 246 2409 330 2471; x_wconf 89' lang='lat' dir='ltr'>circa</span> <span class='ocrx_word' id='word_1_123' title='bbox 346 2408 529 2490; x_wconf 79' lang='lat' dir='ltr'>religionem</span> <span class='ocrx_word' id='word_1_124' title='bbox 547 2407 764 2471; x_wconf 80' lang='lat' dir='ltr'>indifferentes</span> <span class='ocrx_word' id='word_1_125' title='bbox 784 2408 867 2472; x_wconf 88' lang='lat' dir='ltr'>[lant.</span> <span class='ocrx_word' id='word_1_126' title='bbox 886 2407 983 2482; x_wconf 86' lang='lat' dir='ltr'>Quam</span> <span class='ocrx_word' id='word_1_127' title='bbox 999 2426 1143 2491; x_wconf 87' lang='lat' dir='ltr'>pronum</span> <span class='ocrx_word' id='word_1_128' title='bbox 1160 2426 1256 2490; x_wconf 86' lang='lat' dir='ltr'>porro,</span> 
     </span>
    </p>
   </div>
   <div class='ocr_carea' id='block_1_12' title="bbox 139 2514 1257 2814">
    <p class='ocr_par' dir='ltr' id='par_1_12' title="bbox 139 2514 1257 2814">
     <span class='ocr_line' id='line_1_19' title="bbox 139 2514 1256 2598; baseline 0.003 -22"><span class='ocrx_word' id='word_1_129' title='bbox 139 2521 170 2576; x_wconf 90' lang='grc' dir='ltr'>ιιι</span> <span class='ocrx_word' id='word_1_130' title='bbox 187 2514 269 2595; x_wconf 89' lang='lat' dir='ltr'>quod</span> <span class='ocrx_word' id='word_1_131' title='bbox 287 2517 318 2578; x_wconf 92' lang='lat' dir='ltr'>in</span> <span class='ocrx_word' id='word_1_132' title='bbox 335 2515 504 2579; x_wconf 88' lang='lat' dir='ltr'>educandis</span> <span class='ocrx_word' id='word_1_133' title='bbox 523 2517 660 2597; x_wconf 88' lang='lat' dir='ltr'>prolibus</span> <span class='ocrx_word' id='word_1_134' title='bbox 679 2533 826 2598; x_wconf 84' lang='lat' dir='ltr'>nna-pars</span> <span class='ocrx_word' id='word_1_135' title='bbox 844 2517 1013 2598; x_wconf 85' lang='lat' dir='ltr'>coniugum</span> <span class='ocrx_word' id='word_1_136' title='bbox 1030 2517 1201 2589; x_wconf 82' lang='lat' dir='ltr'>aedificat,</span> <span class='ocrx_word' id='word_1_137' title='bbox 1226 2518 1256 2580; x_wconf 88' lang='lat' dir='ltr'>ab</span> 
     </span>
     <span class='ocr_line' id='line_1_20' title="bbox 139 2622 1257 2706; baseline 0.003 -23"><span class='ocrx_word' id='word_1_138' title='bbox 139 2622 254 2695; x_wconf 88' lang='lat' dir='ltr'>altera,</span> <span class='ocrx_word' id='word_1_139' title='bbox 272 2623 297 2683; x_wconf 93' lang='lat' dir='ltr'>si</span> <span class='ocrx_word' id='word_1_140' title='bbox 316 2642 378 2686; x_wconf 92' lang='lat' dir='ltr'>non</span> <span class='ocrx_word' id='word_1_141' title='bbox 395 2622 533 2700; x_wconf 84' lang='lat' dir='ltr'>directe,</span> <span class='ocrx_word' id='word_1_142' title='bbox 552 2623 659 2687; x_wconf 90' lang='lat' dir='ltr'>saltem</span> <span class='ocrx_word' id='word_1_143' title='bbox 678 2625 827 2688; x_wconf 82' lang='lat' dir='ltr'>indirecte</span> <span class='ocrx_word' id='word_1_144' title='bbox 845 2624 1045 2697; x_wconf 88' lang='lat' dir='ltr'>destruatur,</span> <span class='ocrx_word' id='word_1_145' title='bbox 1066 2632 1163 2706; x_wconf 87' lang='lat' dir='ltr'>atque</span> <span class='ocrx_word' id='word_1_146' title='bbox 1181 2628 1257 2689; x_wconf 90' lang='lat' dir='ltr'>eius·</span> 
     </span>
     <span class='ocr_line' id='line_1_21' title="bbox 141 2730 1256 2814; baseline -0.002 -23"><span class='ocrx_word' id='word_1_147' title='bbox 141 2731 221 2792; x_wconf 91' lang='lat' dir='ltr'>modi</span> <span class='ocrx_word' id='word_1_148' title='bbox 240 2730 345 2811; x_wconf 88' lang='lat' dir='ltr'>proles</span> <span class='ocrx_word' id='word_1_149' title='bbox 362 2731 572 2810; x_wconf 85' lang='lat' dir='ltr'>arbitrentur,</span> <span class='ocrx_word' id='word_1_150' title='bbox 590 2752 696 2814; x_wconf 88' lang='lat' dir='ltr'>parum</span> <span class='ocrx_word' id='word_1_151' title='bbox 714 2733 847 2806; x_wconf 79' lang='lat' dir='ltr'>referre,</span> <span class='ocrx_word' id='word_1_152' title='bbox 866 2752 954 2814; x_wconf 90' lang='lat' dir='ltr'>quam</span> <span class='ocrx_word' id='word_1_153' title='bbox 972 2733 1166 2814; x_wconf 81' lang='lat' dir='ltr'>religionem</span> <span class='ocrx_word' id='word_1_154' title='bbox 1185 2734 1256 2814; x_wconf 84' lang='lat' dir='ltr'>quis·</span> 
     </span>
    </p>
   </div>
   <div class='ocr_carea' id='block_1_13' title="bbox 55 2844 356 2918">
    <p class='ocr_par' dir='ltr' id='par_1_13' title="bbox 55 2844 356 2918">
     <span class='ocr_line' id='line_1_22' title="bbox 55 2844 356 2918; baseline 0 -20"><span class='ocrx_word' id='word_1_155' title='bbox 55 2878 58 2883; x_wconf 57' lang='lat'>&gt;</span> <span class='ocrx_word' id='word_1_156' title='bbox 140 2855 199 2918; x_wconf 88' lang='lat' dir='ltr'>que</span> <span class='ocrx_word' id='word_1_157' title='bbox 227 2844 356 2899; x_wconf 83' lang='lat' dir='ltr'>toneat·</span> 
     </span>
    </p>
   </div>
   <div class='ocr_carea' id='block_1_14' title="bbox 74 2942 1255 3350">
    <p class='ocr_par' dir='ltr' id='par_1_14' title="bbox 74 2942 1255 3350">
     <span class='ocr_line' id='line_1_23' title="bbox 228 2942 1254 3029; baseline 0.002 -26"><span class='ocrx_word' id='word_1_158' title='bbox 228 2942 311 3006; x_wconf 90' lang='lat' dir='ltr'>idem</span> <span class='ocrx_word' id='word_1_159' title='bbox 329 2945 603 3010; x_wconf 80' lang='lat' dir='ltr'>indifferentismus</span> <span class='ocrx_word' id='word_1_160' title='bbox 630 2948 713 3011; x_wconf 87' lang='lat' dir='ltr'>circa</span> <span class='ocrx_word' id='word_1_161' title='bbox 733 2946 917 3029; x_wconf 75' lang='lat' dir='ltr'>religionem</span> <span class='ocrx_word' id='word_1_162' title='bbox 936 2967 953 3010; x_wconf 92' lang='lat' dir='ltr'>e</span> <span class='ocrx_word' id='word_1_163' title='bbox 970 2947 1079 3010; x_wconf 82' lang='lat' dir='ltr'>mixtis</span> <span class='ocrx_word' id='word_1_164' title='bbox 1097 2948 1254 3011; x_wconf 87' lang='lat' dir='ltr'>connubiis</span> 
     </span>
     <span class='ocr_line' id='line_1_24' title="bbox 76 3049 1253 3135; baseline 0.003 -24"><span class='ocrx_word' id='word_1_165' title='bbox 76 3060 80 3065; x_wconf 85' lang='lat'>&#39;</span> <span class='ocrx_word' id='word_1_166' title='bbox 140 3052 169 3112; x_wconf 93' lang='lat' dir='ltr'>in</span> <span class='ocrx_word' id='word_1_167' title='bbox 188 3049 327 3132; x_wconf 87' lang='lat' dir='ltr'>reliquos</span> <span class='ocrx_word' id='word_1_168' title='bbox 345 3056 436 3117; x_wconf 87' lang='lat' dir='ltr'>eliam</span> <span class='ocrx_word' id='word_1_169' title='bbox 454 3057 540 3118; x_wconf 82' lang='lat' dir='ltr'>cives</span> <span class='ocrx_word' id='word_1_170' title='bbox 558 3057 675 3118; x_wconf 91' lang='lat' dir='ltr'>sensim</span> <span class='ocrx_word' id='word_1_171' title='bbox 694 3055 838 3134; x_wconf 85' lang='lat' dir='ltr'>dimanat,</span> <span class='ocrx_word' id='word_1_172' title='bbox 855 3058 916 3118; x_wconf 89' lang='lat' dir='ltr'>imo</span> <span class='ocrx_word' id='word_1_173' title='bbox 934 3057 1145 3119; x_wconf 86' lang='lat' dir='ltr'>vehementer</span> <span class='ocrx_word' id='word_1_174' title='bbox 1163 3073 1253 3135; x_wconf 87' lang='lat' dir='ltr'>auge-</span> 
     </span>
     <span class='ocr_line' id='line_1_25' title="bbox 74 3158 1253 3244; baseline 0.004 -28"><span class='ocrx_word' id='word_1_175' title='bbox 74 3180 77 3185; x_wconf 93' lang='lat'>·</span> <span class='ocrx_word' id='word_1_176' title='bbox 138 3164 189 3220; x_wconf 90' lang='lat' dir='ltr'>tur</span> <span class='ocrx_word' id='word_1_177' title='bbox 212 3176 267 3238; x_wconf 86' lang='lat' dir='ltr'>per</span> <span class='ocrx_word' id='word_1_178' title='bbox 282 3158 529 3241; x_wconf 88' lang='lat' dir='ltr'>dispositionem</span> <span class='ocrx_word' id='word_1_179' title='bbox 557 3170 613 3225; x_wconf 90' lang='lat' dir='ltr'>art.</span> <span class='ocrx_word' id='word_1_180' title='bbox 631 3161 661 3224; x_wconf 88' lang='lat'>3.</span> <span class='ocrx_word' id='word_1_181' title='bbox 683 3162 777 3227; x_wconf 78' lang='lat' dir='ltr'>retr.</span> <span class='ocrx_word' id='word_1_182' title='bbox 805 3165 915 3244; x_wconf 87' lang='lat' dir='ltr'>vigore</span> <span class='ocrx_word' id='word_1_183' title='bbox 941 3165 1029 3226; x_wconf 89' lang='lat' dir='ltr'>cuius</span> <span class='ocrx_word' id='word_1_184' title='bbox 1059 3171 1149 3226; x_wconf 88' lang='lat' dir='ltr'>malr.</span> <span class='ocrx_word' id='word_1_185' title='bbox 1169 3164 1253 3226; x_wconf 82' lang='lat' dir='ltr'>mixta</span> 
     </span>
     <span class='ocr_line' id='line_1_26' title="bbox 79 3265 1255 3350; baseline 0.004 -23"><span class='ocrx_word' id='word_1_186' title='bbox 79 3304 82 3310; x_wconf 91' lang='lat'>-</span> <span class='ocrx_word' id='word_1_187' title='bbox 104 3320 107 3325; x_wconf 95' lang='lat'><em>.</em></span> <span class='ocrx_word' id='word_1_188' title='bbox 138 3265 228 3327; x_wconf 90' lang='lat' dir='ltr'>etiam</span> <span class='ocrx_word' id='word_1_189' title='bbox 247 3285 303 3348; x_wconf 89' lang='lat' dir='ltr'>per</span> <span class='ocrx_word' id='word_1_190' title='bbox 320 3266 476 3332; x_wconf 89' lang='lat' dir='ltr'>ministros</span> <span class='ocrx_word' id='word_1_191' title='bbox 495 3269 688 3333; x_wconf 83' lang='lat' dir='ltr'>acatholicos</span> <span class='ocrx_word' id='word_1_192' title='bbox 707 3271 872 3334; x_wconf 89' lang='lat' dir='ltr'>conciliata</span> <span class='ocrx_word' id='word_1_193' title='bbox 889 3280 946 3350; x_wconf 77' lang='lat' dir='ltr'>p‘ro</span> <span class='ocrx_word' id='word_1_194' title='bbox 959 3270 1071 3333; x_wconf 83' lang='lat' dir='ltr'>validis</span> <span class='ocrx_word' id='word_1_195' title='bbox 1085 3273 1255 3336; x_wconf 88' lang='lat' dir='ltr'>enuncian-</span> 
     </span>
    </p>
   </div>
   <div class='ocr_carea' id='block_1_15' title="bbox 20 3375 1255 3460">
    <p class='ocr_par' dir='ltr' id='par_1_15' title="bbox 20 3375 1255 3460">
     <span class='ocr_line' id='line_1_27' title="bbox 20 3375 1255 3460; baseline 0.003 -26"><span class='ocrx_word' id='word_1_196' title='bbox 20 3388 22 3393; x_wconf 81' lang='grc'><strong>’</strong></span> <span class='ocrx_word' id='word_1_197' title='bbox 137 3380 206 3449; x_wconf 82' lang='lat' dir='ltr'>tur3</span> <span class='ocrx_word' id='word_1_198' title='bbox 232 3382 322 3454; x_wconf 87' lang='lat' dir='ltr'>paeto</span> <span class='ocrx_word' id='word_1_199' title='bbox 354 3377 434 3438; x_wconf 89' lang='lat' dir='ltr'>enim</span> <span class='ocrx_word' id='word_1_200' title='bbox 462 3375 520 3438; x_wconf 93' lang='lat' dir='ltr'>hoc</span> <span class='ocrx_word' id='word_1_201' title='bbox 546 3396 608 3440; x_wconf 91' lang='lat' dir='ltr'>non</span> <span class='ocrx_word' id='word_1_202' title='bbox 635 3376 752 3439; x_wconf 82' lang='lat' dir='ltr'>tantum</span> <span class='ocrx_word' id='word_1_203' title='bbox 780 3384 835 3439; x_wconf 86' lang='lat' dir='ltr'>art.</span> <span class='ocrx_word' id='word_1_204' title='bbox 863 3376 925 3439; x_wconf 81' lang='lat'>26:</span> <span class='ocrx_word' id='word_1_205' title='bbox 953 3375 1074 3456; x_wconf 67' lang='lat' dir='ltr'>179⁰s1.</span> <span class='ocrx_word' id='word_1_206' title='bbox 1102 3381 1255 3460; x_wconf 89' lang='lat' dir='ltr'>utqoippe</span> 
     </span>
    </p>
   </div>
   <div class='ocr_carea' id='block_1_16' title="bbox 44 3482 1256 4543">
    <p class='ocr_par' dir='ltr' id='par_1_16' title="bbox 44 3482 1256 4431">
     <span class='ocr_line' id='line_1_28' title="bbox 138 3482 1256 3566; baseline 0.005 -27"><span class='ocrx_word' id='word_1_207' title='bbox 138 3483 337 3543; x_wconf 70' lang='lat' dir='ltr'>malamina</span> <span class='ocrx_word' id='word_1_208' title='bbox 364 3500 489 3564; x_wconf 90' lang='lat' dir='ltr'>semper</span> <span class='ocrx_word' id='word_1_209' title='bbox 514 3503 621 3546; x_wconf 88' lang='lat' dir='ltr'>coram</span> <span class='ocrx_word' id='word_1_210' title='bbox 647 3485 801 3548; x_wconf 90' lang='lat' dir='ltr'>catholico</span> <span class='ocrx_word' id='word_1_211' title='bbox 820 3482 959 3564; x_wconf 88' lang='lat' dir='ltr'>parocho</span> <span class='ocrx_word' id='word_1_212' title='bbox 976 3485 1148 3559; x_wconf 89' lang='lat' dir='ltr'>ineantur,</span> <span class='ocrx_word' id='word_1_213' title='bbox 1175 3488 1256 3566; x_wconf 85' lang='lat' dir='ltr'>plene</span> 
     </span>
     <span class='ocr_line' id='line_1_29' title="bbox 44 3587 1255 3682; baseline 0.005 -36"><span class='ocrx_word' id='word_1_214' title='bbox 44 3676 47 3682; x_wconf 21' lang='grc' dir='ltr'>Ι</span> <span class='ocrx_word' id='word_1_215' title='bbox 138 3587 277 3650; x_wconf 90' lang='lat' dir='ltr'>evilescit</span> <span class='ocrx_word' id='word_1_216' title='bbox 288 3610 297 3667; x_wconf 90' lang='lat'>;</span> <span class='ocrx_word' id='word_1_217' title='bbox 325 3590 378 3653; x_wconf 90' lang='lat' dir='ltr'>sed</span> <span class='ocrx_word' id='word_1_218' title='bbox 397 3594 489 3654; x_wconf 87' lang='lat' dir='ltr'>ctiam</span> <span class='ocrx_word' id='word_1_219' title='bbox 506 3612 568 3656; x_wconf 92' lang='lat' dir='ltr'>non</span> <span class='ocrx_word' id='word_1_220' title='bbox 586 3608 658 3654; x_wconf 90' lang='lat' dir='ltr'>raro</span> <span class='ocrx_word' id='word_1_221' title='bbox 675 3592 728 3668; x_wconf 85' lang='lat' dir='ltr'>ln,</span> <span class='ocrx_word' id='word_1_222' title='bbox 746 3599 780 3655; x_wconf 91' lang='lat' dir='ltr'>nt</span> <span class='ocrx_word' id='word_1_223' title='bbox 804 3610 917 3673; x_wconf 87' lang='lat' dir='ltr'>sponsa</span> <span class='ocrx_word' id='word_1_224' title='bbox 936 3591 1116 3665; x_wconf 83' lang='lat' dir='ltr'>catholica,</span> <span class='ocrx_word' id='word_1_225' title='bbox 1135 3592 1255 3675; x_wconf 86' lang='lat' dir='ltr'>passim</span> 
     </span>
     <span class='ocr_line' id='line_1_30' title="bbox 139 3697 1254 3782; baseline 0.005 -26"><span class='ocrx_word' id='word_1_226' title='bbox 139 3697 266 3774; x_wconf 85' lang='lat' dir='ltr'>parochi</span> <span class='ocrx_word' id='word_1_227' title='bbox 284 3698 429 3761; x_wconf 88' lang='lat' dir='ltr'>catholici</span> <span class='ocrx_word' id='word_1_228' title='bbox 446 3699 624 3762; x_wconf 86' lang='lat' dir='ltr'>assistentia</span> <span class='ocrx_word' id='word_1_229' title='bbox 642 3702 743 3762; x_wconf 92' lang='lat' dir='ltr'>minus</span> <span class='ocrx_word' id='word_1_230' title='bbox 761 3706 916 3772; x_wconf 84' lang='lat' dir='ltr'>contenta,</span> <span class='ocrx_word' id='word_1_231' title='bbox 933 3703 1037 3781; x_wconf 90' lang='lat' dir='ltr'>potius</span> <span class='ocrx_word' id='word_1_232' title='bbox 1054 3719 1113 3782; x_wconf 90' lang='lat' dir='ltr'>per</span> <span class='ocrx_word' id='word_1_233' title='bbox 1131 3701 1254 3764; x_wconf 88' lang='lat' dir='ltr'>acatho-</span> 
     </span>
     <span class='ocr_line' id='line_1_31' title="bbox 135 3800 1255 3889; baseline 0.005 -28"><span class='ocrx_word' id='word_1_234' title='bbox 135 3800 227 3865; x_wconf 88' lang='lat' dir='ltr'>licum</span> <span class='ocrx_word' id='word_1_235' title='bbox 246 3804 415 3868; x_wconf 89' lang='lat' dir='ltr'>ministrum</span> <span class='ocrx_word' id='word_1_236' title='bbox 433 3809 462 3869; x_wconf 91' lang='lat' dir='ltr'>in</span> <span class='ocrx_word' id='word_1_237' title='bbox 482 3810 620 3871; x_wconf 87' lang='lat' dir='ltr'>oratorio</span> <span class='ocrx_word' id='word_1_238' title='bbox 639 3808 777 3887; x_wconf 87' lang='lat' dir='ltr'>copulari</span> <span class='ocrx_word' id='word_1_239' title='bbox 796 3808 992 3889; x_wconf 88' lang='lat' dir='ltr'>praeeligat;</span> <span class='ocrx_word' id='word_1_240' title='bbox 1018 3810 1082 3871; x_wconf 91' lang='lat' dir='ltr'>imo</span> <span class='ocrx_word' id='word_1_241' title='bbox 1100 3813 1207 3873; x_wconf 90' lang='lat' dir='ltr'>necin</span> <span class='ocrx_word' id='word_1_242' title='bbox 1225 3825 1255 3870; x_wconf 84' lang='lat' dir='ltr'>eo</span> 
     </span>
     <span class='ocr_line' id='line_1_32' title="bbox 138 3909 1254 3997; baseline 0.006 -28"><span class='ocrx_word' id='word_1_243' title='bbox 138 3909 253 3975; x_wconf 88' lang='lat' dir='ltr'>desunt</span> <span class='ocrx_word' id='word_1_244' title='bbox 277 3914 437 3994; x_wconf 88' lang='lat' dir='ltr'>exempla,</span> <span class='ocrx_word' id='word_1_245' title='bbox 465 3922 497 3978; x_wconf 91' lang='lat' dir='ltr'>ut</span> <span class='ocrx_word' id='word_1_246' title='bbox 523 3933 657 3997; x_wconf 91' lang='lat' dir='ltr'>sponsus</span> <span class='ocrx_word' id='word_1_247' title='bbox 685 3932 808 3997; x_wconf 87' lang='lat' dir='ltr'>quoqne</span> <span class='ocrx_word' id='word_1_248' title='bbox 835 3915 1007 3979; x_wconf 87' lang='lat' dir='ltr'>catholicus</span> <span class='ocrx_word' id='word_1_249' title='bbox 1033 3917 1164 3990; x_wconf 89' lang='lat' dir='ltr'>(licet</span> <span class='ocrx_word' id='word_1_250' title='bbox 1156 3938 1188 3984; x_wconf 92' lang='lat' dir='ltr'>m</span> <span class='ocrx_word' id='word_1_251' title='bbox 1204 3919 1254 3978; x_wconf 86' lang='lat' dir='ltr'>hor</span> 
     </span>
     <span class='ocr_line' id='line_1_33' title="bbox 135 4020 1254 4115; baseline 0.011 -39"><span class='ocrx_word' id='word_1_252' title='bbox 135 4037 209 4115; x_wconf 83' lang='lat' dir='ltr'>casu</span> <span class='ocrx_word' id='word_1_253' title='bbox 226 4021 383 4102; x_wconf 89' lang='lat' dir='ltr'>copulatio</span> <span class='ocrx_word' id='word_1_254' title='bbox 401 4041 469 4084; x_wconf 89' lang='lat' dir='ltr'>cum</span> <span class='ocrx_word' id='word_1_255' title='bbox 487 4020 705 4088; x_wconf 90' lang='lat' dir='ltr'>benedictione</span> <span class='ocrx_word' id='word_1_256' title='bbox 721 4042 778 4104; x_wconf 90' lang='lat' dir='ltr'>per</span> <span class='ocrx_word' id='word_1_257' title='bbox 793 4021 963 4104; x_wconf 86' lang='lat' dir='ltr'>paroclrum</span> <span class='ocrx_word' id='word_1_258' title='bbox 976 4023 1169 4087; x_wconf 88' lang='lat' dir='ltr'>catholicum</span> <span class='ocrx_word' id='word_1_259' title='bbox 1188 4043 1254 4108; x_wconf 90' lang='lat' dir='ltr'>per·</span> 
     </span>
     <span class='ocr_line' id='line_1_34' title="bbox 52 4100 1253 4214; baseline 0.011 -33"><span class='ocrx_word' id='word_1_260' title='bbox 52 4150 75 4195; x_wconf 88' lang='lat'>.·</span> <span class='ocrx_word' id='word_1_261' title='bbox 134 4100 254 4202; x_wconf 71' lang='lat' dir='ltr'>agatur,</span> <span class='ocrx_word' id='word_1_262' title='bbox 270 4129 412 4210; x_wconf 87' lang='lat' dir='ltr'>adeoque</span> <span class='ocrx_word' id='word_1_263' title='bbox 430 4128 511 4191; x_wconf 91' lang='lat' dir='ltr'>nulla</span> <span class='ocrx_word' id='word_1_264' title='bbox 529 4130 609 4193; x_wconf 89' lang='lat' dir='ltr'>adsit</span> <span class='ocrx_word' id='word_1_265' title='bbox 624 4134 715 4205; x_wconf 89' lang='lat' dir='ltr'>ratio,</span> <span class='ocrx_word' id='word_1_266' title='bbox 734 4150 774 4194; x_wconf 86' lang='lat' dir='ltr'>ex</span> <span class='ocrx_word' id='word_1_267' title='bbox 791 4150 851 4214; x_wconf 85' lang='lat' dir='ltr'>qua</span> <span class='ocrx_word' id='word_1_268' title='bbox 868 4132 974 4213; x_wconf 92' lang='lat' dir='ltr'>sponsi</span> <span class='ocrx_word' id='word_1_269' title='bbox 987 4130 1024 4193; x_wconf 90' lang='lat' dir='ltr'>ad</span> <span class='ocrx_word' id='word_1_270' title='bbox 1045 4134 1152 4195; x_wconf 87' lang='lat' dir='ltr'>acath.</span> <span class='ocrx_word' id='word_1_271' title='bbox 1169 4134 1253 4195; x_wconf 88' lang='lat' dir='ltr'>mini·</span> 
     </span>
     <span class='ocr_line' id='line_1_35' title="bbox 48 4232 1252 4321; baseline 0.009 -34"><span class='ocrx_word' id='word_1_272' title='bbox 48 4244 52 4251; x_wconf 68' lang='lat'><strong><em>¹</em></strong></span> <span class='ocrx_word' id='word_1_273' title='bbox 78 4232 81 4237; x_wconf 86' lang='lat'>&#39;</span> <span class='ocrx_word' id='word_1_274' title='bbox 137 4237 233 4292; x_wconf 88' lang='lat' dir='ltr'>strum</span> <span class='ocrx_word' id='word_1_275' title='bbox 250 4235 308 4297; x_wconf 86' lang='lat' dir='ltr'>lma</span> <span class='ocrx_word' id='word_1_276' title='bbox 326 4238 531 4317; x_wconf 88' lang='lat' dir='ltr'>copulationis</span> <span class='ocrx_word' id='word_1_277' title='bbox 558 4239 776 4313; x_wconf 88' lang='lat' dir='ltr'>convolent)</span> <span class='ocrx_word' id='word_1_278' title='bbox 768 4261 799 4302; x_wconf 92' lang='lat' dir='ltr'>m</span> <span class='ocrx_word' id='word_1_279' title='bbox 817 4240 949 4320; x_wconf 88' lang='lat' dir='ltr'>gratiam</span> <span class='ocrx_word' id='word_1_280' title='bbox 966 4255 1109 4321; x_wconf 86' lang='lat' dir='ltr'>sponsae</span> <span class='ocrx_word' id='word_1_281' title='bbox 1129 4241 1252 4304; x_wconf 89' lang='lat' dir='ltr'>acatho-</span> 
     </span>
     <span class='ocr_line' id='line_1_36' title="bbox 45 4333 1252 4431; baseline 0.011 -38"><span class='ocrx_word' id='word_1_282' title='bbox 45 4392 48 4397; x_wconf 84' lang='grc'>,</span> <span class='ocrx_word' id='word_1_283' title='bbox 130 4333 236 4423; x_wconf 57' lang='grc' dir='ltr'>Μαι,</span> <span class='ocrx_word' id='word_1_284' title='bbox 261 4358 322 4404; x_wconf 92' lang='lat' dir='ltr'>non</span> <span class='ocrx_word' id='word_1_285' title='bbox 341 4345 482 4408; x_wconf 89' lang='lat' dir='ltr'>obstante</span> <span class='ocrx_word' id='word_1_286' title='bbox 500 4349 590 4409; x_wconf 87' lang='lat' dir='ltr'>etiam</span> <span class='ocrx_word' id='word_1_287' title='bbox 609 4365 665 4424; x_wconf 88' lang='lat' dir='ltr'>eo,</span> <span class='ocrx_word' id='word_1_288' title='bbox 695 4346 774 4429; x_wconf 88' lang='lat' dir='ltr'>quod</span> <span class='ocrx_word' id='word_1_289' title='bbox 792 4348 830 4410; x_wconf 90' lang='lat' dir='ltr'>ad</span> <span class='ocrx_word' id='word_1_290' title='bbox 854 4349 1049 4429; x_wconf 74' lang='lat' dir='ltr'>exigentiam</span> <span class='ocrx_word' id='word_1_291' title='bbox 1068 4345 1252 4431; x_wconf 88' lang='lat' dir='ltr'>praelaudati</span> 
     </span>
    </p>

    <p class='ocr_par' dir='ltr' id='par_1_17' title="bbox 86 4443 1253 4543">
     <span class='ocr_line' id='line_1_37' title="bbox 86 4443 1253 4543; baseline 0.01 -40"><span class='ocrx_word' id='word_1_292' title='bbox 86 4458 92 4543; x_wconf 34' lang='lat' dir='ltr'>j</span> <span class='ocrx_word' id='word_1_293' title='bbox 138 4448 195 4505; x_wconf 86' lang='lat' dir='ltr'>art.</span> <span class='ocrx_word' id='word_1_294' title='bbox 215 4443 266 4506; x_wconf 84' lang='lat'>26.</span> <span class='ocrx_word' id='word_1_295' title='bbox 285 4462 391 4510; x_wconf 85' lang='lat' dir='ltr'>omnes</span> <span class='ocrx_word' id='word_1_296' title='bbox 408 4452 512 4533; x_wconf 89' lang='lat' dir='ltr'>proles</span> <span class='ocrx_word' id='word_1_297' title='bbox 530 4456 560 4517; x_wconf 90' lang='lat' dir='ltr'>in</span> <span class='ocrx_word' id='word_1_298' title='bbox 577 4455 728 4518; x_wconf 89' lang='lat' dir='ltr'>catholica</span> <span class='ocrx_word' id='word_1_299' title='bbox 746 4455 901 4541; x_wconf 82' lang='lat' dir='ltr'>religione</span> <span class='ocrx_word' id='word_1_300' title='bbox 920 4455 1107 4521; x_wconf 86' lang='lat' dir='ltr'>educandae</span> <span class='ocrx_word' id='word_1_301' title='bbox 1124 4457 1253 4532; x_wconf 87' lang='lat' dir='ltr'>veniant,</span> 
     </span>
    </p>
   </div>
   <div class='ocr_carea' id='block_1_17' title="bbox 0 0 1404 4852">
    <p class='ocr_par' dir='ltr' id='par_1_18' title="bbox 0 0 1404 4852">
     <span class='ocr_line' id='line_1_38' title="bbox 0 0 1404 4852; baseline 0 0"><span class='ocrx_word' id='word_1_302' title='bbox 0 0 1404 4852; x_wconf 95' lang='lat' dir='ltr'> </span> 
     </span>
    </p>
   </div>
  </div>
 </body>
</html>
