<?xml version="1.0" encoding="UTF-8"?>
<!DOCTYPE html PUBLIC "-//W3C//DTD XHTML 1.0 Transitional//EN"
    "http://www.w3.org/TR/xhtml1/DTD/xhtml1-transitional.dtd">
<html xmlns="http://www.w3.org/1999/xhtml" xml:lang="en" lang="en">
 <head>
  <title>
</title>
<meta http-equiv="Content-Type" content="text/html;charset=utf-8" />
  <meta name='ocr-system' content='tesseract 3.04.00' />
  <meta name='ocr-capabilities' content='ocr_page ocr_carea ocr_par ocr_line ocrx_word'/>
</head>
<body>
  <div class='ocr_page' id='page_1' title='image "./dematrimoniismi00roskgoog_0595.png"; bbox 0 0 2798 4852; ppageno 0'>
   <div class='ocr_carea' id='block_1_1' title="bbox 679 245 921 323">
    <p class='ocr_par' dir='ltr' id='par_1_1' title="bbox 679 245 921 323">
     <span class='ocr_line' id='line_1_1' title="bbox 679 245 921 323; baseline -0.012 0"><span class='ocrx_word' id='word_1_1' title='bbox 679 290 726 323; x_wconf 69' lang='lat'>:-</span> <span class='ocrx_word' id='word_1_2' title='bbox 760 245 921 321; x_wconf 77' lang='lat'>508-</span> 
     </span>
    </p>
   </div>
   <div class='ocr_carea' id='block_1_2' title="bbox 121 408 1385 1167">
    <p class='ocr_par' dir='ltr' id='par_1_2' title="bbox 121 408 1385 1167">
     <span class='ocr_line' id='line_1_2' title="bbox 121 408 1344 529; baseline -0.002 -22"><span class='ocrx_word' id='word_1_3' title='bbox 121 460 127 471; x_wconf 90' lang='lat'><strong>·</strong></span> <span class='ocrx_word' id='word_1_4' title='bbox 158 499 161 504; x_wconf 96' lang='lat'>.</span> <span class='ocrx_word' id='word_1_5' title='bbox 219 408 372 518; x_wconf 43' lang='lat' dir='ltr'>&#39;milatus</span> <span class='ocrx_word' id='word_1_6' title='bbox 391 445 441 526; x_wconf 86' lang='lat' dir='ltr'>qni</span> <span class='ocrx_word' id='word_1_7' title='bbox 460 440 715 529; x_wconf 74' lang='lat' dir='ltr'>determinarunt,</span> <span class='ocrx_word' id='word_1_8' title='bbox 733 448 821 503; x_wconf 88' lang='lat' dir='ltr'>matr.</span> <span class='ocrx_word' id='word_1_9' title='bbox 834 441 926 504; x_wconf 85' lang='lat' dir='ltr'>mixta</span> <span class='ocrx_word' id='word_1_10' title='bbox 944 439 1214 505; x_wconf 82' lang='lat' dir='ltr'>eoranntiuistris</span> <span class='ocrx_word' id='word_1_11' title='bbox 1231 443 1344 506; x_wconf 86' lang='lat' dir='ltr'>acatho-</span> 
     </span>
     <span class='ocr_line' id='line_1_3' title="bbox 236 533 1346 635; baseline -0.004 -20"><span class='ocrx_word' id='word_1_12' title='bbox 236 554 306 617; x_wconf 83' lang='lat' dir='ltr'><strong>licis</strong></span> <span class='ocrx_word' id='word_1_13' title='bbox 322 533 396 615; x_wconf 79' lang='lat' dir='ltr'>inita</span> <span class='ocrx_word' id='word_1_14' title='bbox 413 552 514 616; x_wconf 85' lang='lat' dir='ltr'>valida</span> <span class='ocrx_word' id='word_1_15' title='bbox 534 569 603 615; x_wconf 93' lang='lat' dir='ltr'>esse</span> <span class='ocrx_word' id='word_1_16' title='bbox 615 573 624 628; x_wconf 91' lang='lat'>;</span> <span class='ocrx_word' id='word_1_17' title='bbox 656 569 696 613; x_wconf 87' lang='lat' dir='ltr'>ex</span> <span class='ocrx_word' id='word_1_18' title='bbox 721 549 900 614; x_wconf 88' lang='lat' dir='ltr'>huiusmodi</span> <span class='ocrx_word' id='word_1_19' title='bbox 925 547 1082 632; x_wconf 86' lang='lat' dir='ltr'>coniugiis</span> <span class='ocrx_word' id='word_1_20' title='bbox 1105 555 1295 635; x_wconf 74' lang='lat' dir='ltr'><strong>procreatae</strong></span> <span class='ocrx_word' id='word_1_21' title='bbox 1308 556 1346 614; x_wconf 86' lang='lat' dir='ltr'>art</span> 
     </span>
     <span class='ocr_line' id='line_1_4' title="bbox 235 655 1345 742; baseline -0.002 -19"><span class='ocrx_word' id='word_1_22' title='bbox 235 660 453 740; x_wconf 79' lang='lat' dir='ltr'>procreandae</span> <span class='ocrx_word' id='word_1_23' title='bbox 469 661 578 742; x_wconf 88' lang='lat' dir='ltr'>proles</span> <span class='ocrx_word' id='word_1_24' title='bbox 591 676 687 738; x_wconf 90' lang='lat' dir='ltr'>porro</span> <span class='ocrx_word' id='word_1_25' title='bbox 706 676 848 740; x_wconf 77' lang='lat' dir='ltr'>quicque,</span> <span class='ocrx_word' id='word_1_26' title='bbox 876 655 907 719; x_wconf 92' lang='lat' dir='ltr'>ni</span> <span class='ocrx_word' id='word_1_27' title='bbox 923 655 962 721; x_wconf 89' lang='lat' dir='ltr'>iis</span> <span class='ocrx_word' id='word_1_28' title='bbox 978 671 1119 740; x_wconf 77' lang='lat' dir='ltr'>congrua</span> <span class='ocrx_word' id='word_1_29' title='bbox 1138 659 1266 721; x_wconf 88' lang='lat' dir='ltr'>ratione</span> <span class='ocrx_word' id='word_1_30' title='bbox 1282 657 1345 721; x_wconf 90' lang='lat' dir='ltr'>sub·</span> 
     </span>
     <span class='ocr_line' id='line_1_5' title="bbox 237 748 1385 847; baseline 0.003 -19"><span class='ocrx_word' id='word_1_31' title='bbox 237 775 364 830; x_wconf 87' lang='lat' dir='ltr'>ventum</span> <span class='ocrx_word' id='word_1_32' title='bbox 380 768 485 841; x_wconf 88' lang='lat' dir='ltr'>luerit,</span> <span class='ocrx_word' id='word_1_33' title='bbox 503 766 649 831; x_wconf 82' lang='lat' dir='ltr'>infelices</span> <span class='ocrx_word' id='word_1_34' title='bbox 667 772 800 829; x_wconf 88' lang='lat' dir='ltr'>eventus</span> <span class='ocrx_word' id='word_1_35' title='bbox 814 764 917 835; x_wconf 64' lang='lat' dir='ltr'>‚huius</span> <span class='ocrx_word' id='word_1_36' title='bbox 943 767 1184 844; x_wconf 78' lang='lat' dir='ltr'>persentiscam</span> <span class='ocrx_word' id='word_1_37' title='bbox 1209 766 1347 847; x_wconf 78' lang='lat' dir='ltr'>sequelae.</span> <span class='ocrx_word' id='word_1_38' title='bbox 1381 748 1385 753; x_wconf 52' lang='grc'><strong>’</strong></span> 
     </span>
     <span class='ocr_line' id='line_1_6' title="bbox 238 856 1346 955; baseline 0.001 -19"><span class='ocrx_word' id='word_1_39' title='bbox 238 874 327 937; x_wconf 90' lang='lat' dir='ltr'>cuins</span> <span class='ocrx_word' id='word_1_40' title='bbox 344 876 468 937; x_wconf 80' lang='lat' dir='ltr'>victima</span> <span class='ocrx_word' id='word_1_41' title='bbox 485 876 573 955; x_wconf 89' lang='lat' dir='ltr'>ipsae</span> <span class='ocrx_word' id='word_1_42' title='bbox 589 856 782 937; x_wconf 81' lang='lat' dir='ltr'>ceciderunt.</span> <span class='ocrx_word' id='word_1_43' title='bbox 809 871 878 935; x_wconf 85' lang='lat' dir='ltr'>non</span> <span class='ocrx_word' id='word_1_44' title='bbox 895 870 952 934; x_wconf 88' lang='lat' dir='ltr'>init</span> <span class='ocrx_word' id='word_1_45' title='bbox 974 889 1051 934; x_wconf 87' lang='lat' dir='ltr'>sanc</span> <span class='ocrx_word' id='word_1_46' title='bbox 1068 874 1197 951; x_wconf 82' lang='lat' dir='ltr'>miseris</span> <span class='ocrx_word' id='word_1_47' title='bbox 1208 872 1264 935; x_wconf 88' lang='lat' dir='ltr'>his</span> <span class='ocrx_word' id='word_1_48' title='bbox 1280 890 1346 937; x_wconf 85' lang='lat' dir='ltr'>eon·</span> 
     </span>
     <span class='ocr_line' id='line_1_7' title="bbox 237 977 1348 1063; baseline -0.001 -19"><span class='ocrx_word' id='word_1_49' title='bbox 237 982 362 1063; x_wconf 84' lang='lat' dir='ltr'>iugibus</span> <span class='ocrx_word' id='word_1_50' title='bbox 379 982 585 1063; x_wconf 88' lang='lat' dir='ltr'>propositum,</span> <span class='ocrx_word' id='word_1_51' title='bbox 602 981 708 1063; x_wconf 86' lang='lat' dir='ltr'>legem</span> <span class='ocrx_word' id='word_1_52' title='bbox 724 978 907 1062; x_wconf 75' lang='lat' dir='ltr'>intringere,</span> <span class='ocrx_word' id='word_1_53' title='bbox 923 980 986 1042; x_wconf 90' lang='lat' dir='ltr'>imo</span> <span class='ocrx_word' id='word_1_54' title='bbox 1001 977 1041 1041; x_wconf 88' lang='lat' dir='ltr'>ad</span> <span class='ocrx_word' id='word_1_55' title='bbox 1060 978 1204 1051; x_wconf 87' lang='lat' dir='ltr'>tollenda</span> <span class='ocrx_word' id='word_1_56' title='bbox 1215 998 1273 1043; x_wconf 90' lang='lat' dir='ltr'>sna</span> <span class='ocrx_word' id='word_1_57' title='bbox 1288 997 1348 1062; x_wconf 79' lang='lat' dir='ltr'>gra·</span> 
     </span>
     <span class='ocr_line' id='line_1_8' title="bbox 239 1066 1349 1167; baseline -0.003 -14"><span class='ocrx_word' id='word_1_58' title='bbox 239 1088 360 1153; x_wconf 82' lang='lat' dir='ltr'>nemina</span> <span class='ocrx_word' id='word_1_59' title='bbox 380 1087 634 1151; x_wconf 89' lang='lat' dir='ltr'>Jurisdictionnm</span> <span class='ocrx_word' id='word_1_60' title='bbox 652 1066 855 1167; x_wconf 85' lang='lat' dir='ltr'>implorarunt</span> <span class='ocrx_word' id='word_1_61' title='bbox 866 1085 1063 1167; x_wconf 86' lang='lat' dir='ltr'>praesidium,</span> <span class='ocrx_word' id='word_1_62' title='bbox 1081 1086 1143 1149; x_wconf 92' lang='lat' dir='ltr'>hae</span> <span class='ocrx_word' id='word_1_63' title='bbox 1163 1094 1270 1149; x_wconf 87' lang='lat' dir='ltr'>autern</span> <span class='ocrx_word' id='word_1_64' title='bbox 1285 1104 1349 1167; x_wconf 78' lang='lat' dir='ltr'>que-</span> 
     </span>
    </p>
   </div>
   <div class='ocr_carea' id='block_1_3' title="bbox 142 1191 1350 1276">
    <p class='ocr_par' dir='ltr' id='par_1_3' title="bbox 142 1191 1350 1276">
     <span class='ocr_line' id='line_1_9' title="bbox 142 1191 1350 1276; baseline 0.001 -21"><span class='ocrx_word' id='word_1_65' title='bbox 142 1239 145 1243; x_wconf 77' lang='lat'>·</span> <span class='ocrx_word' id='word_1_66' title='bbox 240 1195 324 1256; x_wconf 89' lang='lat' dir='ltr'>relas</span> <span class='ocrx_word' id='word_1_67' title='bbox 341 1197 483 1276; x_wconf 89' lang='lat' dir='ltr'>repetitis</span> <span class='ocrx_word' id='word_1_68' title='bbox 499 1193 620 1257; x_wconf 91' lang='lat' dir='ltr'>vicibus</span> <span class='ocrx_word' id='word_1_69' title='bbox 636 1191 792 1276; x_wconf 87' lang='lat' dir='ltr'>Majestati</span> <span class='ocrx_word' id='word_1_70' title='bbox 808 1194 892 1257; x_wconf 88' lang='lat' dir='ltr'>Vrae</span> <span class='ocrx_word' id='word_1_71' title='bbox 909 1194 1155 1274; x_wconf 83' lang='lat' dir='ltr'>absqueoptato</span> <span class='ocrx_word' id='word_1_72' title='bbox 1180 1195 1296 1259; x_wconf 83' lang='lat' dir='ltr'>ellectu</span> <span class='ocrx_word' id='word_1_73' title='bbox 1307 1213 1350 1258; x_wconf 90' lang='lat' dir='ltr'>re·</span> 
     </span>
    </p>
   </div>
   <div class='ocr_carea' id='block_1_4' title="bbox 219 1299 1395 2679">
    <p class='ocr_par' dir='ltr' id='par_1_4' title="bbox 219 1299 1395 2679">
     <span class='ocr_line' id='line_1_10' title="bbox 239 1299 1350 1385; baseline -0.002 -20"><span class='ocrx_word' id='word_1_74' title='bbox 239 1308 494 1385; x_wconf 90' lang='lat' dir='ltr'>praesentarunt.</span> <span class='ocrx_word' id='word_1_75' title='bbox 519 1302 552 1363; x_wconf 94' lang='lat' dir='ltr'>ln</span> <span class='ocrx_word' id='word_1_76' title='bbox 570 1299 668 1363; x_wconf 90' lang='lat' dir='ltr'>arduo</span> <span class='ocrx_word' id='word_1_77' title='bbox 685 1302 783 1364; x_wconf 87' lang='lat' dir='ltr'>hoece</span> <span class='ocrx_word' id='word_1_78' title='bbox 799 1301 846 1362; x_wconf 89' lang='lat' dir='ltr'>rei</span> <span class='ocrx_word' id='word_1_79' title='bbox 862 1303 943 1372; x_wconf 86' lang='lat' dir='ltr'>situ,</span> <span class='ocrx_word' id='word_1_80' title='bbox 971 1301 1040 1364; x_wconf 86' lang='lat' dir='ltr'>dnm</span> <span class='ocrx_word' id='word_1_81' title='bbox 1059 1302 1150 1363; x_wconf 87' lang='lat' dir='ltr'>cives</span> <span class='ocrx_word' id='word_1_82' title='bbox 1167 1301 1235 1382; x_wconf 80' lang='lat' dir='ltr'>legi</span> <span class='ocrx_word' id='word_1_83' title='bbox 1251 1302 1350 1382; x_wconf 80' lang='lat' dir='ltr'>patriae</span> 
     </span>
     <span class='ocr_line' id='line_1_11' title="bbox 238 1406 1351 1511; baseline 0.001 -41"><span class='ocrx_word' id='word_1_84' title='bbox 238 1408 369 1472; x_wconf 87' lang='lat' dir='ltr'>brmiter</span> <span class='ocrx_word' id='word_1_85' title='bbox 386 1409 579 1511; x_wconf 83' lang='lat' dir='ltr'>insisterent,</span> <span class='ocrx_word' id='word_1_86' title='bbox 596 1406 837 1477; x_wconf 85' lang='lat' dir='ltr'>lurisdictiones</span> <span class='ocrx_word' id='word_1_87' title='bbox 855 1425 931 1471; x_wconf 92' lang='lat' dir='ltr'>vero</span> <span class='ocrx_word' id='word_1_88' title='bbox 948 1426 1015 1483; x_wconf 89' lang='lat' dir='ltr'>eos,</span> <span class='ocrx_word' id='word_1_89' title='bbox 1032 1424 1112 1488; x_wconf 86' lang='lat' dir='ltr'>quos</span> <span class='ocrx_word' id='word_1_90' title='bbox 1131 1412 1309 1487; x_wconf 87' lang='lat' dir='ltr'>concernit,</span> <span class='ocrx_word' id='word_1_91' title='bbox 1324 1408 1351 1471; x_wconf 82' lang='lat' dir='ltr'>ed</span> 
     </span>
     <span class='ocr_line' id='line_1_12' title="bbox 240 1514 1352 1596; baseline 0.001 -18"><span class='ocrx_word' id='word_1_92' title='bbox 240 1514 426 1578; x_wconf 86' lang='lat' dir='ltr'>servandam</span> <span class='ocrx_word' id='word_1_93' title='bbox 442 1516 546 1596; x_wconf 83' lang='lat' dir='ltr'>legem</span> <span class='ocrx_word' id='word_1_94' title='bbox 565 1514 754 1596; x_wconf 89' lang='lat' dir='ltr'>compellere</span> <span class='ocrx_word' id='word_1_95' title='bbox 765 1533 827 1576; x_wconf 92' lang='lat' dir='ltr'>non</span> <span class='ocrx_word' id='word_1_96' title='bbox 839 1515 999 1578; x_wconf 87' lang='lat' dir='ltr'>valerent:</span> <span class='ocrx_word' id='word_1_97' title='bbox 1016 1515 1193 1580; x_wconf 79' lang='lat' dir='ltr'>Comitatus</span> <span class='ocrx_word' id='word_1_98' title='bbox 1204 1533 1263 1596; x_wconf 89' lang='lat' dir='ltr'>per</span> <span class='ocrx_word' id='word_1_99' title='bbox 1275 1514 1352 1581; x_wconf 85' lang='lat' dir='ltr'>ardor</span> 
     </span>
     <span class='ocr_line' id='line_1_13' title="bbox 239 1619 1395 1714; baseline 0.005 -35"><span class='ocrx_word' id='word_1_100' title='bbox 239 1621 384 1702; x_wconf 76' lang='lat' dir='ltr'>adJuncla</span> <span class='ocrx_word' id='word_1_101' title='bbox 403 1625 624 1686; x_wconf 88' lang='lat' dir='ltr'>necessitatem</span> <span class='ocrx_word' id='word_1_102' title='bbox 652 1619 879 1714; x_wconf 86' lang='lat' dir='ltr'>quodammodo</span> <span class='ocrx_word' id='word_1_103' title='bbox 906 1622 997 1685; x_wconf 91' lang='lat' dir='ltr'>sibi</span> <span class='ocrx_word' id='word_1_104' title='bbox 990 1624 1106 1702; x_wconf 77' lang='lat' dir='ltr'>imponi</span> <span class='ocrx_word' id='word_1_105' title='bbox 1137 1624 1354 1687; x_wconf 85' lang='lat' dir='ltr'>arbitrabantur</span> <span class='ocrx_word' id='word_1_106' title='bbox 1393 1658 1395 1685; x_wconf 85' lang='lat' dir='ltr'>l</span> 
     </span>
     <span class='ocr_line' id='line_1_14' title="bbox 237 1724 1352 1810; baseline 0.003 -23"><span class='ocrx_word' id='word_1_107' title='bbox 237 1724 279 1787; x_wconf 91' lang='lat' dir='ltr'>de</span> <span class='ocrx_word' id='word_1_108' title='bbox 295 1726 357 1790; x_wconf 90' lang='lat' dir='ltr'>alio</span> <span class='ocrx_word' id='word_1_109' title='bbox 375 1736 551 1808; x_wconf 89' lang='lat' dir='ltr'>opportuno</span> <span class='ocrx_word' id='word_1_110' title='bbox 569 1734 658 1790; x_wconf 91' lang='lat' dir='ltr'>matr.</span> <span class='ocrx_word' id='word_1_111' title='bbox 676 1729 770 1790; x_wconf 89' lang='lat' dir='ltr'>mixta</span> <span class='ocrx_word' id='word_1_112' title='bbox 792 1728 960 1810; x_wconf 89' lang='lat' dir='ltr'>copulandi</span> <span class='ocrx_word' id='word_1_113' title='bbox 975 1727 1069 1792; x_wconf 91' lang='lat' dir='ltr'>modo</span> <span class='ocrx_word' id='word_1_114' title='bbox 1085 1728 1120 1792; x_wconf 93' lang='lat' dir='ltr'>in</span> <span class='ocrx_word' id='word_1_115' title='bbox 1139 1730 1279 1793; x_wconf 87' lang='lat' dir='ltr'>medium</span> <span class='ocrx_word' id='word_1_116' title='bbox 1294 1747 1352 1792; x_wconf 90' lang='lat' dir='ltr'>con·</span> 
     </span>
     <span class='ocr_line' id='line_1_15' title="bbox 219 1833 1352 1933; baseline 0.004 -40"><span class='ocrx_word' id='word_1_117' title='bbox 219 1833 373 1910; x_wconf 82' lang='lat' dir='ltr'>sulendi,</span> <span class='ocrx_word' id='word_1_118' title='bbox 390 1833 544 1914; x_wconf 90' lang='lat' dir='ltr'>talemque</span> <span class='ocrx_word' id='word_1_119' title='bbox 561 1837 655 1898; x_wconf 83' lang='lat' dir='ltr'>etiarn</span> <span class='ocrx_word' id='word_1_120' title='bbox 673 1835 854 1933; x_wconf 78' lang='lat' dir='ltr'>arripiendi.</span> <span class='ocrx_word' id='word_1_121' title='bbox 874 1835 1024 1917; x_wconf 89' lang='lat' dir='ltr'>Optamus</span> <span class='ocrx_word' id='word_1_122' title='bbox 1041 1838 1143 1918; x_wconf 84' lang='lat' dir='ltr'>igitur</span> <span class='ocrx_word' id='word_1_123' title='bbox 1161 1836 1279 1918; x_wconf 72' lang='lat' dir='ltr'>leg&#39;enn</span> <span class='ocrx_word' id='word_1_124' title='bbox 1290 1856 1352 1918; x_wconf 83' lang='lat' dir='ltr'>quac</span> 
     </span>
     <span class='ocr_line' id='line_1_16' title="bbox 228 1939 1395 2026; baseline 0.009 -30"><span class='ocrx_word' id='word_1_125' title='bbox 228 1939 395 2002; x_wconf 86' lang='lat' dir='ltr'>declaret:</span> <span class='ocrx_word' id='word_1_126' title='bbox 413 1945 507 2004; x_wconf 83' lang='lat' dir='ltr'>mixta</span> <span class='ocrx_word' id='word_1_127' title='bbox 526 1943 674 2024; x_wconf 82' lang='lat' dir='ltr'>coningio</span> <span class='ocrx_word' id='word_1_128' title='bbox 693 1941 765 2005; x_wconf 90' lang='lat' dir='ltr'>inde</span> <span class='ocrx_word' id='word_1_129' title='bbox 783 1963 799 2005; x_wconf 89' lang='lat' dir='ltr'>a</span> <span class='ocrx_word' id='word_1_130' title='bbox 820 1942 984 2007; x_wconf 85' lang='lat' dir='ltr'>15.lllartii</span> <span class='ocrx_word' id='word_1_131' title='bbox 998 1941 1091 2011; x_wconf 79' lang='lat'><strong>1839.</strong></span> <span class='ocrx_word' id='word_1_132' title='bbox 1109 1942 1166 2007; x_wconf 89' lang='lat' dir='ltr'>die</span> <span class='ocrx_word' id='word_1_133' title='bbox 1178 1945 1351 2026; x_wconf 75' lang='lat' dir='ltr'>quippeed&#39;e</span> <span class='ocrx_word' id='word_1_134' title='bbox 1393 1970 1395 1977; x_wconf 57' lang='lat'><strong><em>¹</em></strong></span> 
     </span>
     <span class='ocr_line' id='line_1_17' title="bbox 237 2041 1352 2131; baseline 0.009 -24"><span class='ocrx_word' id='word_1_135' title='bbox 237 2041 337 2129; x_wconf 80' lang='lat' dir='ltr'>larum</span> <span class='ocrx_word' id='word_1_136' title='bbox 357 2066 414 2129; x_wconf 91' lang='lat' dir='ltr'>per</span> <span class='ocrx_word' id='word_1_137' title='bbox 430 2049 545 2129; x_wconf 86' lang='lat' dir='ltr'>Eppmn</span> <span class='ocrx_word' id='word_1_138' title='bbox 561 2048 837 2113; x_wconf 86' lang='lat' dir='ltr'>MVaradinensem</span> <span class='ocrx_word' id='word_1_139' title='bbox 845 2050 1082 2131; x_wconf 82' lang='lat' dir='ltr'>Encyelicarnm</span> <span class='ocrx_word' id='word_1_140' title='bbox 1094 2069 1209 2114; x_wconf 87' lang='lat' dir='ltr'>coram</span> <span class='ocrx_word' id='word_1_141' title='bbox 1221 2052 1352 2117; x_wconf 79' lang='lat' dir='ltr'>llinistr&#39;e</span> 
     </span>
     <span class='ocr_line' id='line_1_18' title="bbox 237 2154 1351 2237; baseline 0.003 -19"><span class='ocrx_word' id='word_1_142' title='bbox 237 2154 432 2218; x_wconf 87' lang='lat' dir='ltr'>Anatholicis</span> <span class='ocrx_word' id='word_1_143' title='bbox 449 2155 539 2219; x_wconf 74' lang='lat' dir='ltr'>modo</span> <span class='ocrx_word' id='word_1_144' title='bbox 557 2175 613 2237; x_wconf 91' lang='lat' dir='ltr'>per</span> <span class='ocrx_word' id='word_1_145' title='bbox 629 2155 870 2220; x_wconf 87' lang='lat' dir='ltr'>durisdietiones</span> <span class='ocrx_word' id='word_1_146' title='bbox 897 2157 1107 2221; x_wconf 89' lang='lat' dir='ltr'>determinato</span> <span class='ocrx_word' id='word_1_147' title='bbox 1126 2167 1293 2225; x_wconf 87' lang='lat' dir='ltr'>eontracta</span> <span class='ocrx_word' id='word_1_148' title='bbox 1307 2178 1351 2222; x_wconf 79' lang='lat' dir='ltr'>aa·</span> 
     </span>
     <span class='ocr_line' id='line_1_19' title="bbox 240 2246 1351 2350; baseline 0.006 -28"><span class='ocrx_word' id='word_1_149' title='bbox 240 2259 313 2334; x_wconf 91' lang='lat' dir='ltr'>lida,</span> <span class='ocrx_word' id='word_1_150' title='bbox 333 2269 364 2323; x_wconf 89' lang='lat' dir='ltr'>et</span> <span class='ocrx_word' id='word_1_151' title='bbox 382 2261 487 2342; x_wconf 92' lang='lat' dir='ltr'>proles</span> <span class='ocrx_word' id='word_1_152' title='bbox 506 2246 620 2333; x_wconf 87' lang='lat' dir='ltr'>exinde</span> <span class='ocrx_word' id='word_1_153' title='bbox 646 2264 831 2346; x_wconf 86' lang='lat' dir='ltr'>progenitas</span> <span class='ocrx_word' id='word_1_154' title='bbox 858 2273 910 2337; x_wconf 87' lang='lat' dir='ltr'>aut</span> <span class='ocrx_word' id='word_1_155' title='bbox 942 2248 1186 2348; x_wconf 82' lang='lat' dir='ltr'>progignendas</span> <span class='ocrx_word' id='word_1_156' title='bbox 1214 2268 1351 2350; x_wconf 72' lang='lat' dir='ltr'>legitimus</span> 
     </span>
     <span class='ocr_line' id='line_1_20' title="bbox 237 2370 1350 2451; baseline 0.005 -20"><span class='ocrx_word' id='word_1_157' title='bbox 237 2385 333 2445; x_wconf 85' lang='lat' dir='ltr'>esse3</span> <span class='ocrx_word' id='word_1_158' title='bbox 358 2370 493 2450; x_wconf 84' lang='lat' dir='ltr'>hincque</span> <span class='ocrx_word' id='word_1_159' title='bbox 510 2373 724 2434; x_wconf 90' lang='lat' dir='ltr'>necessarium</span> <span class='ocrx_word' id='word_1_160' title='bbox 743 2371 823 2444; x_wconf 85' lang='lat' dir='ltr'>lore,</span> <span class='ocrx_word' id='word_1_161' title='bbox 839 2379 872 2434; x_wconf 93' lang='lat' dir='ltr'>nt</span> <span class='ocrx_word' id='word_1_162' title='bbox 889 2375 1082 2451; x_wconf 78' lang='lat' dir='ltr'>matrimonia</span> <span class='ocrx_word' id='word_1_163' title='bbox 1105 2373 1182 2437; x_wconf 86' lang='lat' dir='ltr'>talia</span> <span class='ocrx_word' id='word_1_164' title='bbox 1199 2376 1287 2438; x_wconf 89' lang='lat' dir='ltr'>intra</span> <span class='ocrx_word' id='word_1_165' title='bbox 1305 2373 1350 2437; x_wconf 87' lang='lat' dir='ltr'>de·</span> 
     </span>
     <span class='ocr_line' id='line_1_21' title="bbox 238 2475 1352 2558; baseline 0.006 -25"><span class='ocrx_word' id='word_1_166' title='bbox 238 2491 362 2536; x_wconf 89' lang='lat' dir='ltr'>cursum</span> <span class='ocrx_word' id='word_1_167' title='bbox 378 2477 468 2538; x_wconf 83' lang='lat' dir='ltr'>uniu&#39;s</span> <span class='ocrx_word' id='word_1_168' title='bbox 495 2475 566 2537; x_wconf 91' lang='lat' dir='ltr'>anni</span> <span class='ocrx_word' id='word_1_169' title='bbox 593 2484 742 2539; x_wconf 90' lang='lat' dir='ltr'>accurate</span> <span class='ocrx_word' id='word_1_170' title='bbox 770 2478 1009 2543; x_wconf 89' lang='lat' dir='ltr'>conscribantur</span> <span class='ocrx_word' id='word_1_171' title='bbox 1036 2487 1069 2542; x_wconf 92' lang='lat' dir='ltr'>et</span> <span class='ocrx_word' id='word_1_172' title='bbox 1087 2478 1234 2544; x_wconf 78' lang='lat' dir='ltr'>Archino</span> <span class='ocrx_word' id='word_1_173' title='bbox 1252 2497 1352 2558; x_wconf 80' lang='lat' dir='ltr'>respo</span> 
     </span>
     <span class='ocr_line' id='line_1_22' title="bbox 238 2578 1200 2679; baseline 0.01 -39"><span class='ocrx_word' id='word_1_174' title='bbox 238 2581 392 2645; x_wconf 52' lang='lat' dir='ltr'>olivarnm*</span> <span class='ocrx_word' id='word_1_175' title='bbox 405 2578 661 2645; x_wconf 81' lang='lat' dir='ltr'>iurisdictionum</span> <span class='ocrx_word' id='word_1_176' title='bbox 679 2585 878 2665; x_wconf 82' lang='lat' dir='ltr'>consignatio</span> <span class='ocrx_word' id='word_1_177' title='bbox 895 2587 1014 2679; x_wconf 83' lang='lat' dir='ltr'>isthaec</span> <span class='ocrx_word' id='word_1_178' title='bbox 1031 2587 1200 2652; x_wconf 79' lang='lat' dir='ltr'>inseratur.</span> 
     </span>
    </p>
   </div>
   <div class='ocr_carea' id='block_1_5' title="bbox 762 2779 884 2851">
    <p class='ocr_par' dir='ltr' id='par_1_5' title="bbox 762 2779 884 2851">
     <span class='ocr_line' id='line_1_23' title="bbox 762 2779 884 2851; baseline 0.008 -1"><span class='ocrx_word' id='word_1_179' title='bbox 762 2779 851 2851; x_wconf 87' lang='grc'><strong>609.</strong></span> <span class='ocrx_word' id='word_1_180' title='bbox 883 2790 884 2793; x_wconf 75' lang='grc'>’</span> 
     </span>
    </p>
   </div>
   <div class='ocr_carea' id='block_1_6' title="bbox 235 2918 1349 3024">
    <p class='ocr_par' dir='ltr' id='par_1_6' title="bbox 235 2918 1349 3024">
     <span class='ocr_line' id='line_1_24' title="bbox 235 2918 1349 3024; baseline 0.004 -22"><span class='ocrx_word' id='word_1_181' title='bbox 235 2918 1349 3024; x_wconf 74' lang='lat' dir='ltr'>ltetlexlonesl’rocerumadprueviumproleelumRepraesentallonis.</span> 
     </span>
    </p>
   </div>
   <div class='ocr_carea' id='block_1_7' title="bbox 197 3114 1395 4372">
    <p class='ocr_par' dir='ltr' id='par_1_7' title="bbox 197 3114 1395 4372">
     <span class='ocr_line' id='line_1_25' title="bbox 325 3114 1348 3199; baseline 0.006 -22"><span class='ocrx_word' id='word_1_182' title='bbox 325 3116 446 3177; x_wconf 87' lang='lat' dir='ltr'>Promte</span> <span class='ocrx_word' id='word_1_183' title='bbox 463 3114 588 3195; x_wconf 86' lang='lat' dir='ltr'>quidem</span> <span class='ocrx_word' id='word_1_184' title='bbox 605 3124 636 3176; x_wconf 91' lang='lat' dir='ltr'>et</span> <span class='ocrx_word' id='word_1_185' title='bbox 652 3117 816 3198; x_wconf 90' lang='lat' dir='ltr'>patriotico</span> <span class='ocrx_word' id='word_1_186' title='bbox 844 3136 911 3180; x_wconf 92' lang='lat' dir='ltr'>cnm</span> <span class='ocrx_word' id='word_1_187' title='bbox 937 3118 1008 3180; x_wconf 90' lang='lat' dir='ltr'>zelo</span> <span class='ocrx_word' id='word_1_188' title='bbox 1033 3122 1219 3199; x_wconf 88' lang='lat' dir='ltr'>partiuntur</span> <span class='ocrx_word' id='word_1_189' title='bbox 1240 3123 1348 3186; x_wconf 87' lang='lat' dir='ltr'>Proce-</span> 
     </span>
     <span class='ocr_line' id='line_1_26' title="bbox 235 3221 1351 3306; baseline 0.001 -22"><span class='ocrx_word' id='word_1_190' title='bbox 235 3240 289 3284; x_wconf 88' lang='lat' dir='ltr'>res</span> <span class='ocrx_word' id='word_1_191' title='bbox 306 3240 376 3284; x_wconf 89' lang='lat' dir='ltr'>eum</span> <span class='ocrx_word' id='word_1_192' title='bbox 391 3222 528 3286; x_wconf 82' lang='lat' dir='ltr'>Statibus</span> <span class='ocrx_word' id='word_1_193' title='bbox 546 3229 577 3283; x_wconf 89' lang='lat' dir='ltr'>et</span> <span class='ocrx_word' id='word_1_194' title='bbox 589 3221 758 3286; x_wconf 89' lang='lat' dir='ltr'>Ordinibus</span> <span class='ocrx_word' id='word_1_195' title='bbox 770 3225 874 3306; x_wconf 84' lang='lat' dir='ltr'>legum</span> <span class='ocrx_word' id='word_1_196' title='bbox 886 3227 1115 3289; x_wconf 88' lang='lat' dir='ltr'>sanctimoniae</span> <span class='ocrx_word' id='word_1_197' title='bbox 1127 3231 1283 3291; x_wconf 87' lang='lat' dir='ltr'>intentam</span> <span class='ocrx_word' id='word_1_198' title='bbox 1299 3225 1351 3289; x_wconf 90' lang='lat' dir='ltr'>sol-</span> 
     </span>
     <span class='ocr_line' id='line_1_27' title="bbox 236 3327 1351 3416; baseline 0.006 -28"><span class='ocrx_word' id='word_1_199' title='bbox 236 3327 448 3401; x_wconf 89' lang='lat' dir='ltr'>licitudinem,</span> <span class='ocrx_word' id='word_1_200' title='bbox 476 3330 599 3408; x_wconf 90' lang='lat' dir='ltr'>quoties</span> <span class='ocrx_word' id='word_1_201' title='bbox 618 3329 648 3390; x_wconf 91' lang='lat' dir='ltr'>id</span> <span class='ocrx_word' id='word_1_202' title='bbox 667 3330 808 3393; x_wconf 90' lang='lat' dir='ltr'>medelae</span> <span class='ocrx_word' id='word_1_203' title='bbox 826 3334 964 3396; x_wconf 88' lang='lat' dir='ltr'>vulneris</span> <span class='ocrx_word' id='word_1_204' title='bbox 990 3335 1054 3416; x_wconf 86' lang='lat' dir='ltr'>legi</span> <span class='ocrx_word' id='word_1_205' title='bbox 1070 3334 1188 3399; x_wconf 88' lang='lat' dir='ltr'>inllicti</span> <span class='ocrx_word' id='word_1_206' title='bbox 1207 3333 1351 3399; x_wconf 82' lang='lat' dir='ltr'>ferendae.</span> 
     </span>
     <span class='ocr_line' id='line_1_28' title="bbox 238 3435 1351 3521; baseline 0.009 -24"><span class='ocrx_word' id='word_1_207' title='bbox 238 3455 274 3499; x_wconf 91' lang='lat' dir='ltr'>ac</span> <span class='ocrx_word' id='word_1_208' title='bbox 300 3435 407 3499; x_wconf 89' lang='lat' dir='ltr'>laesae</span> <span class='ocrx_word' id='word_1_209' title='bbox 434 3437 515 3519; x_wconf 81' lang='lat' dir='ltr'>legis</span> <span class='ocrx_word' id='word_1_210' title='bbox 543 3440 770 3501; x_wconf 89' lang='lat' dir='ltr'>sanctimoniae</span> <span class='ocrx_word' id='word_1_211' title='bbox 796 3439 990 3519; x_wconf 89' lang='lat' dir='ltr'>reparandae</span> <span class='ocrx_word' id='word_1_212' title='bbox 1016 3443 1164 3520; x_wconf 89' lang='lat' dir='ltr'>exposcit</span> <span class='ocrx_word' id='word_1_213' title='bbox 1183 3446 1288 3521; x_wconf 88' lang='lat' dir='ltr'>ratio;</span> <span class='ocrx_word' id='word_1_214' title='bbox 1316 3443 1351 3500; x_wconf 76' lang='lat' dir='ltr'>ati</span> 
     </span>
     <span class='ocr_line' id='line_1_29' title="bbox 237 3542 1351 3628; baseline 0.004 -26"><span class='ocrx_word' id='word_1_215' title='bbox 237 3543 335 3604; x_wconf 86' lang='lat' dir='ltr'>relate</span> <span class='ocrx_word' id='word_1_216' title='bbox 361 3542 398 3603; x_wconf 90' lang='lat' dir='ltr'>ad</span> <span class='ocrx_word' id='word_1_217' title='bbox 426 3546 685 3606; x_wconf 90' lang='lat' dir='ltr'>communicatum</span> <span class='ocrx_word' id='word_1_218' title='bbox 711 3562 817 3608; x_wconf 90' lang='lat' dir='ltr'>seeum</span> <span class='ocrx_word' id='word_1_219' title='bbox 844 3549 1016 3628; x_wconf 88' lang='lat' dir='ltr'>proiectum</span> <span class='ocrx_word' id='word_1_220' title='bbox 1052 3547 1351 3628; x_wconf 84' lang='lat' dir='ltr'>Repraesentationis</span> 
     </span>
     <span class='ocr_line' id='line_1_30' title="bbox 237 3647 1349 3732; baseline 0.005 -24"><span class='ocrx_word' id='word_1_221' title='bbox 237 3647 339 3728; x_wconf 87' lang='lat' dir='ltr'>quoad</span> <span class='ocrx_word' id='word_1_222' title='bbox 357 3658 502 3730; x_wconf 86' lang='lat' dir='ltr'>negatam</span> <span class='ocrx_word' id='word_1_223' title='bbox 519 3667 575 3732; x_wconf 92' lang='lat' dir='ltr'>per</span> <span class='ocrx_word' id='word_1_224' title='bbox 594 3651 717 3713; x_wconf 78' lang='lat' dir='ltr'>Clarum</span> <span class='ocrx_word' id='word_1_225' title='bbox 735 3651 926 3716; x_wconf 86' lang='lat' dir='ltr'>Catholicnm</span> <span class='ocrx_word' id='word_1_226' title='bbox 953 3657 1226 3720; x_wconf 88' lang='lat' dir='ltr'>matrimoniorum</span> <span class='ocrx_word' id='word_1_227' title='bbox 1252 3657 1349 3719; x_wconf 78' lang='lat' dir='ltr'>mixte</span> 
     </span>
     <span class='ocr_line' id='line_1_31' title="bbox 235 3755 1348 3839; baseline 0.004 -24"><span class='ocrx_word' id='word_1_228' title='bbox 235 3772 303 3816; x_wconf 91' lang='lat' dir='ltr'>rum</span> <span class='ocrx_word' id='word_1_229' title='bbox 321 3755 578 3828; x_wconf 88' lang='lat' dir='ltr'>benedictionem,</span> <span class='ocrx_word' id='word_1_230' title='bbox 591 3759 765 3839; x_wconf 87' lang='lat' dir='ltr'>rituumque</span> <span class='ocrx_word' id='word_1_231' title='bbox 777 3759 851 3820; x_wconf 90' lang='lat' dir='ltr'>alias</span> <span class='ocrx_word' id='word_1_232' title='bbox 862 3761 1049 3823; x_wconf 88' lang='lat' dir='ltr'>usitatorum</span> <span class='ocrx_word' id='word_1_233' title='bbox 1061 3760 1348 3826; x_wconf 85' lang='lat' dir='ltr'>administrationem</span> 
     </span>
     <span class='ocr_line' id='line_1_32' title="bbox 235 3861 1346 3934; baseline 0.005 -11"><span class='ocrx_word' id='word_1_234' title='bbox 235 3861 325 3925; x_wconf 90' lang='lat' dir='ltr'>iidem</span> <span class='ocrx_word' id='word_1_235' title='bbox 341 3863 493 3928; x_wconf 84' lang='lat' dir='ltr'>Procerus</span> <span class='ocrx_word' id='word_1_236' title='bbox 512 3862 650 3928; x_wconf 85' lang='lat' dir='ltr'>Statibns</span> <span class='ocrx_word' id='word_1_237' title='bbox 668 3871 701 3926; x_wconf 91' lang='lat' dir='ltr'>et</span> <span class='ocrx_word' id='word_1_238' title='bbox 727 3863 894 3928; x_wconf 88' lang='lat' dir='ltr'>Ordinibus</span> <span class='ocrx_word' id='word_1_239' title='bbox 921 3867 1085 3930; x_wconf 90' lang='lat' dir='ltr'>declarare</span> <span class='ocrx_word' id='word_1_240' title='bbox 1104 3875 1346 3934; x_wconf 89' lang='lat' dir='ltr'>necessitantur:</span> 
     </span>
     <span class='ocr_line' id='line_1_33' title="bbox 237 3968 1345 4055; baseline 0 -22"><span class='ocrx_word' id='word_1_241' title='bbox 237 3970 319 4051; x_wconf 87' lang='lat' dir='ltr'>quod</span> <span class='ocrx_word' id='word_1_242' title='bbox 335 3968 414 4049; x_wconf 93' lang='lat' dir='ltr'>ipsi,</span> <span class='ocrx_word' id='word_1_243' title='bbox 441 3971 698 4049; x_wconf 87' lang='lat' dir='ltr'>quemadmodum</span> <span class='ocrx_word' id='word_1_244' title='bbox 725 3973 784 4034; x_wconf 88' lang='lat' dir='ltr'>iarn</span> <span class='ocrx_word' id='word_1_245' title='bbox 809 3976 866 4036; x_wconf 91' lang='lat' dir='ltr'>snb</span> <span class='ocrx_word' id='word_1_246' title='bbox 883 3978 1025 4055; x_wconf 83' lang='lat' dir='ltr'>proxime</span> <span class='ocrx_word' id='word_1_247' title='bbox 1041 3976 1210 4041; x_wconf 91' lang='lat' dir='ltr'>conclusis</span> <span class='ocrx_word' id='word_1_248' title='bbox 1228 3976 1345 4040; x_wconf 83' lang='lat' dir='ltr'>Comitis</span> 
     </span>
     <span class='ocr_line' id='line_1_34' title="bbox 237 4077 1344 4166; baseline -0.001 -27"><span class='ocrx_word' id='word_1_249' title='bbox 237 4079 404 4139; x_wconf 89' lang='lat' dir='ltr'>occasione</span> <span class='ocrx_word' id='word_1_250' title='bbox 429 4077 682 4158; x_wconf 87' lang='lat' dir='ltr'>pertractationis</span> <span class='ocrx_word' id='word_1_251' title='bbox 707 4078 818 4143; x_wconf 92' lang='lat' dir='ltr'>Nuneii</span> <span class='ocrx_word' id='word_1_252' title='bbox 836 4081 887 4145; x_wconf 86' lang='lat' dir='ltr'>SS</span> <span class='ocrx_word' id='word_1_253' title='bbox 916 4090 948 4143; x_wconf 93' lang='lat' dir='ltr'>et</span> <span class='ocrx_word' id='word_1_254' title='bbox 964 4081 1028 4144; x_wconf 92' lang='lat'>00</span> <span class='ocrx_word' id='word_1_255' title='bbox 1056 4083 1096 4144; x_wconf 92' lang='lat' dir='ltr'>de</span> <span class='ocrx_word' id='word_1_256' title='bbox 1115 4087 1299 4166; x_wconf 86' lang='lat' dir='ltr'>gravamine</span> <span class='ocrx_word' id='word_1_257' title='bbox 1316 4095 1344 4141; x_wconf 83' lang='lat' dir='ltr'>er</span> 
     </span>
     <span class='ocr_line' id='line_1_35' title="bbox 235 4152 1395 4299; baseline 0.008 -56"><span class='ocrx_word' id='word_1_258' title='bbox 235 4178 403 4262; x_wconf 76' lang='lat' dir='ltr'>Encycbca</span> <span class='ocrx_word' id='word_1_259' title='bbox 428 4185 573 4266; x_wconf 82' lang='lat' dir='ltr'>Episcopi</span> <span class='ocrx_word' id='word_1_260' title='bbox 598 4186 853 4250; x_wconf 88' lang='lat' dir='ltr'>MVaradinensis</span> <span class='ocrx_word' id='word_1_261' title='bbox 880 4189 1034 4263; x_wconf 80' lang='lat' dir='ltr'>formato,</span> <span class='ocrx_word' id='word_1_262' title='bbox 1067 4189 1099 4251; x_wconf 87' lang='lat' dir='ltr'>in</span> <span class='ocrx_word' id='word_1_263' title='bbox 1128 4191 1286 4275; x_wconf 87' lang='lat' dir='ltr'>denegata</span> <span class='ocrx_word' id='word_1_264' title='bbox 1302 4202 1395 4299; x_wconf 61' lang='lat' dir='ltr'>per¹</span> <span class='ocrx_word' id='word_1_265' title='bbox 1393 4152 1395 4207; x_wconf 70' lang='grc' dir='ltr'>Ι</span> 
     </span>
     <span class='ocr_line' id='line_1_36' title="bbox 197 4252 1395 4372; baseline 0.008 -25"><span class='ocrx_word' id='word_1_266' title='bbox 197 4354 201 4363; x_wconf 51' lang='grc'><strong>,</strong></span> <span class='ocrx_word' id='word_1_267' title='bbox 226 4286 360 4350; x_wconf 71' lang='lat' dir='ltr'>Clarum</span> <span class='ocrx_word' id='word_1_268' title='bbox 386 4291 472 4353; x_wconf 87' lang='lat' dir='ltr'>Cath.</span> <span class='ocrx_word' id='word_1_269' title='bbox 500 4300 587 4364; x_wconf 85' lang='lat' dir='ltr'>matr.</span> <span class='ocrx_word' id='word_1_270' title='bbox 616 4294 780 4356; x_wconf 86' lang='lat' dir='ltr'>mixtorum</span> <span class='ocrx_word' id='word_1_271' title='bbox 804 4293 1023 4357; x_wconf 89' lang='lat' dir='ltr'>benedictione</span> <span class='ocrx_word' id='word_1_272' title='bbox 1048 4297 1257 4361; x_wconf 87' lang='lat' dir='ltr'>violationem</span> <span class='ocrx_word' id='word_1_273' title='bbox 1279 4252 1395 4372; x_wconf 69' lang='lat' dir='ltr'>legbt</span> 
     </span>
    </p>
   </div>
   <div class='ocr_carea' id='block_1_8' title="bbox 114 4393 1337 4486">
    <p class='ocr_par' dir='ltr' id='par_1_8' title="bbox 114 4393 1337 4486">
     <span class='ocr_line' id='line_1_37' title="bbox 114 4393 1337 4486; baseline 0.006 -33"><span class='ocrx_word' id='word_1_274' title='bbox 114 4423 120 4432; x_wconf 92' lang='lat'><strong>·</strong></span> <span class='ocrx_word' id='word_1_275' title='bbox 237 4393 416 4458; x_wconf 81' lang='lat' dir='ltr'>subversori</span> <span class='ocrx_word' id='word_1_276' title='bbox 433 4398 505 4461; x_wconf 91' lang='lat' dir='ltr'>ideo</span> <span class='ocrx_word' id='word_1_277' title='bbox 520 4416 582 4463; x_wconf 91' lang='lat' dir='ltr'>non</span> <span class='ocrx_word' id='word_1_278' title='bbox 600 4402 790 4478; x_wconf 89' lang='lat' dir='ltr'>censebant,</span> <span class='ocrx_word' id='word_1_279' title='bbox 817 4402 888 4483; x_wconf 90' lang='lat' dir='ltr'>quia</span> <span class='ocrx_word' id='word_1_280' title='bbox 906 4402 1086 4466; x_wconf 89' lang='lat' dir='ltr'>benedictio</span> <span class='ocrx_word' id='word_1_281' title='bbox 1110 4407 1201 4467; x_wconf 88' lang='lat' dir='ltr'>tam</span> <span class='ocrx_word' id='word_1_282' title='bbox 1192 4413 1337 4486; x_wconf 78' lang='lat' dir='ltr'>ingerere</span> 
     </span>
    </p>
   </div>
   <div class='ocr_carea' id='block_1_9' title="bbox 0 0 1404 4852">
    <p class='ocr_par' dir='ltr' id='par_1_9' title="bbox 0 0 1404 4852">
     <span class='ocr_line' id='line_1_38' title="bbox 0 0 1404 4852; baseline 0 0"><span class='ocrx_word' id='word_1_283' title='bbox 0 0 1404 4852; x_wconf 95' lang='lat' dir='ltr'> </span> 
     </span>
    </p>
   </div>
  </div>
 </body>
</html>
