2798 4852
565 110 885 188 -288--1

133 304 259 371 blieum'¹
273 304 469 391 propositum
503 313 552 372 est
577 301 714 388 doecre,
729 306 826 370 'hanc
861 294 1020 389 querelam
1044 304 1245 371 fundamento

127 435 204 481 vere
222 432 344 480 carere.
1061 424 1064 431 ’

218 558 258 568 -
278 557 317 569 -
338 522 557 607 -Reliquum
574 531 641 601 est,
665 531 700 588 ut
715 522 754 588 de
772 526 874 608 capito
890 525 1069 606 rogationis
1086 522 1269 606 Episcopi*

129 632 212 714 quod
228 633 431 696 attentionem
446 631 579 696 Senatus
596 652 687 715 quam
704 635 837 697 maxime
853 633 886 696 in
902 649 936 695 se
954 635 1269 713 convertitsnemp-

127 739 168 800 de
194 741 377 821 quaestione
412 741 676 806 matrimoniorum
703 743 870 805 mixtorum
902 717 1104 804 disseramus.
1133 738 1227 805 Edict
1259 780 1269 805 .

128 847 301 929 Religionis
332 845 607 932 Wbrtembergico
633 867 661 911 a.
688 846 786 910 1806.
811 847 1006 930 promulgato
1033 847 1116 911 duae
1157 847 1269 930 legQ

129 957 345 1020 continentur:
361 952 590 1020 matrimonium
606 957 729 1019 nonnisi
745 955 935 1019 sacerdotali
952 954 1269 1027 benedictionem

129 1070 192 1125 tum
208 1063 280 1126 iniri
296 1080 391 1143 posse
400 1084 410 1141 ;
436 1062 568 1127 deinde:
592 1063 864 1143 benedictionem,
881 1065 908 1126 si
925 1080 1062 1146 sponsus
1079 1070 1112 1126 ¹et
1128 1079 1269 1146 sponsi

128 1171 271 1234 diversae
287 1171 351 1233 sint
365 1171 541 1253 religionis,
552 1188 585 1233 ·a
600 1173 739 1252 parocho
756 1173 863 1252 sponsi
878 1173 1028 1257 impertiri
1045 1169 1175 1234 debere.
1189 1168 1269 1239 Li.

128 1279 223 1342 beros
239 1297 256 1341 e
273 1285 360 1341 matr.
387 1277 490 1341 mixtis
516 1286 693 1361 prognatos
717 1278 809 1360 leges
833 1256 928 1360 porro
955 1280 1064 1341 iubent
1089 1280 1121 1340 in
1146 1284 1262 1358 patr-ir

127 1385 283 1468 religione
308 1369 455 1465 educari,
480 1386 578 1449 licere
604 1392 707 1449 tamen
733 1388 915 1470 parentibus
940 1385 1161 1450 educationem
1186 1405 1258 1469 pro

129 1512 207 1557 sexu
224 1493 393 1556 liberorum
408 1492 564 1557 diversam
581 1496 680 1576 pactis
707 1495 845 1558 stabilire
861 1493 913 1558 vel
930 1493 1013 1558 aliud
1030 1493 1187 1578 quidpiam
1210 1497 1251 1559 de

129 1620 166 1664 ea
183 1606 220 1665 r'e
234 1618 291 1681 pro
307 1599 407 1665 lubitu
430 1607 580 1665 statuere.
605 1601 699 1665 Hisce
725 1605 868 1674 statutis,
895 1621 976 1684 quae
1001 1622 1065 1667 non
1092 1600 1246 1666 minusad

91 1694 93 1702 ¹
127 1707 520 1795 sanciendum-religionis
548 1711 732 1772 auctoritate
760 1709 916 1773 vinculum
938 1710 1077 1792 nuptiale
1094 1716 1238 1790 spectant,

30 1866 32 1872 .
129 1835 220 1898 quam
236 1815 275 1879 ad
290 1815 404 1879 tuenda
419 1819 488 1879 iura
510 1824 694 1897 parentum,
720 1819 907 1899 praesertim
932 1818 1049 1898 patris,
1073 1816 1232 1891 naturalia,
1266 1880 1269 1903 Ι

129 1923 317 1988 Gubernium
334 1922 467 2005 gratiam
483 1924 588 2006 populi
605 1924 752 2008 religioni
769 1924 892 1990 sineere
909 1924 1004 1989 dediti
1020 1925 1081 1988 sibi
1097 1925 1229 1993 servavit,
1264 1918 1269 2013 l

128 2039 160 2094 et
184 2031 328 2112 proiecto
354 2030 518 2094 Ecclesiae
543 2050 669 2114 quoque
694 2036 827 2115 gratiam
853 2035 985 2106 meruit,
1011 2030 1225 2116 praesertimsl

127 2140 344 2222 reputaveris,
371 2157 517 2221 magnum
533 2139 698 2222 lmperium
721 2140 911 2206 Catholicum
927 2141 1063 2205 vicinum
1081 2144 1121 2216 l)
1137 2139 1173 2203 ad
1187 2144 1225 2201 tt·

130 2247 255 2311 tandam
280 2246 464 2310 familiarum
489 2246 770 2323 necessitudinem,
796 2252 920 2331 nuptias
939 2248 977 2311 ab
992 2244 1224 2313 interventuSa·

129 2354 289 2447 cardetum
314 2360 447 2438 prorsus
473 2356 624 2418 immunes
650 2357 855 2437 praestandas
881 2356 1054 2420 censuisse.
1081 2355 1148 2419 lam
1171 2358 1223 2416 ante

128 2464 218 2547 leges
239 2464 317 2526 istas
342 2463 556 2546 promulgatas
582 2463 691 2527 Clarus
717 2464 907 2545 paroehialis
923 2467 955 2529 in
971 2467 1067 2529 terris
1084 2461 1221 2526 Wtirten-

129 2573 260 2654 bergiae
286 2588 399 2635 recens
417 2575 577 2654 acquisitis
603 2589 738 2654 sponsos
756 2574 869 2636 mixtae
886 2573 1048 2654 religionis
1065 2573 1220 2655 plerunque

83 2701 91 2709 ·
130 2679 298 2742 seeundum
327 2679 461 2743 eundem
492 2679 604 2752 ritum,
638 2698 729 2761 quem
754 2698 841 2743 mere
873 2679 1019 2744 catholici
1052 2684 1221 2761 sequuntur,

128 2789 371 2870 inauguratione
397 2787 534 2870 iungere
560 2805 623 2850 non
649 2776 816 2852 dubitabat.
849 2786 996 2870 Episcopi
1025 2787 1224 2873 Augustanus,

42 2941 45 2945 s
130 2895 393 2968 Constantianus,
417 2894 676 2970 Wormatiensis‚
701 2895 926 2976 Moguntinus‚
954 2901 985 2956 et
1011 2892 1166 2974 Spirensis
1181 2885 1223 2952 ad·

130 3022 242 3067 versus
259 3010 372 3067 statuta
389 3001 683 3083 Religionis-Edicti
700 3003 773 3066 nihil
795 3010 1008 3086 exceperant:
1026 3006 1136 3084 etipse
1153 3000 1224 3065 Vien-

128 3113 194 3174 rius
211 3109 371 3174 Generalis
389 3109 419 3172 in
436 3111 534 3191 patria
552 3109 673 3191 degens
690 3112 722 3173 in
739 3110 790 3172 illa
808 3110 880 3193 lege
897 3109 971 3173 nihil
988 3108 1174 3174 difficultatis
1185 3102 1225 3165 tul

129 3220 268 3302 scrupuli
292 3221 465 3282 invenerat.
490 3217 607 3280 Eadem
631 3217 685 3280 lex
701 3219 796 3283 hodie
822 3226 976 3301 perpetuo
999 3218 1084 3281 valet
1102 3225 1132 3281 et
1148 3226 1224 3282 exat·

128 3336 227 3391 cetur.
254 3328 420 3409 Postquam
445 3344 522 3390 vero
539 3325 650 3389 Curiae
667 3327 836 3390 Pontiheali
858 3328 1018 3391 novissimi
1035 3327 1187 3398 decennii,
1199 3314 1224 3377 ⁰¹

129 3435 212 3516 quod
228 3434 371 3512 excedit,
396 3435 496 3517 spatio
513 3434 604 3518 copia
621 3436 702 3497 lacta
720 3441 789 3508 est,
807 3435 965 3500 nonnullis
981 3435 1144 3500 Ecclesiae
1158 3430 1222 3494 on·

127 3545 267 3606 manicae
296 3540 493 3605 Praesidibus
520 3542 559 3605 de
584 3562 620 3606 ea
644 3562 680 3606 re
708 3542 940 3605 sciscitantibus
967 3530 1223 3607 lnstruetionetl¹

61 3712 66 3721 .
127 3651 240 3714 monita
256 3649 461 3730 impertiendi,
479 3668 558 3731 quae
573 3649 764 3715 dioecesium
780 3652 908 3713 istarum
935 3651 1107 3715 conditioni
1123 3659 1221 3715 contt‘

128 3759 195 3822 nire
210 3759 264 3823 illa
282 3757 444 3841 credebat:
462 3757 578 3839 aliquot
594 3760 708 3822 Clerici
725 3761 756 3820 in
773 3757 961 3845 Episcopatu
971 3740 1218 3839 hottenburgnsi

130 3867 360 3933 conditionibus
376 3869 560 3933 nostratium
586 3867 664 3954 istas
688 3865 919 3930 lnstruetiones'
939 3866 1104 3930 confestim
1119 3871 1148 3928 et
1161 3860 1219 3926 eto·

128 3975 253 4057 pliciter
279 3975 471 4041 adhibendas
497 3982 707 4048 censuerunt,
732 3992 834 4057 eoque
865 3974 1087 4057 incogitantiae
1101 3954 1214 4057 prolapsi

129 4092 210 4162 sunt,
227 4092 260 4147 ut
275 4084 365 4168 leges
381 4086 534 4150 constanti
546 4082 699 4148 exercitio
717 4083 859 4146 valentes
876 4076 974 4145 coeco
992 4082 1105 4162 impetu
1120 4058 1212 4151 abrepti

131 4229 393 4243 m*

200 4308 231 4380 *)
253 4307 346 4362 Gallia.
