2798 4852
522 122 765 197 -421-

590 406 679 481 581.

143 578 356 650 Rescriptum
370 576 527 652 Episcopi
540 578 581 636 ad
594 580 760 651 praevium
774 578 1127 653 Repraesentatiouem.

161 729 392 793 Matrimonium
409 735 491 792 teste
507 727 659 809 Apostolo
675 728 768 791 Paulo
785 729 901 813 Ephes.
920 729 957 791 V.
975 729 1029 795 32.
1047 750 1196 814 magnum

73 847 121 906 est
138 837 375 903 Sacramentum
392 838 424 900 iu
441 836 567 900 Christo
594 844 627 899 et
652 835 815 916 Ecclesia3
837 837 912 902 binc
938 840 1037 904 cuivis
1063 839 1201 904 fidelium

73 948 155 1011 adeo
172 951 315 1009 sanctum
340 961 414 1008 csse
431 943 544 1017 debet,
577 952 610 1006 ut
636 944 710 1008 illud
726 944 907 1028 suscipiens
932 962 992 1010 nec
1017 946 1201 1011 desiderare

72 1055 175 1137 possit
193 1053 255 1115 alia
272 1051 330 1115 sub
346 1050 544 1123 conditione,
571 1068 662 1132 quam
680 1050 738 1115 sub
765 1069 826 1131 qua
851 1070 868 1114 a
885 1052 1010 1117 Christo
1026 1054 1199 1119 institutum

71 1162 133 1236 es't,
152 1159 276 1224 scilicet
292 1158 350 1223 sub
367 1157 547 1220 conditione
558 1158 750 1238 suscipiendi
767 1158 982 1225 sacramenti:
999 1168 1031 1224 ct
1047 1162 1201 1227 ideoon-

72 1271 120 1333 nis
137 1266 242 1331 fidelis
259 1265 570 1328 matrimoniistatum
586 1265 772 1346 ingrediens
792 1269 885 1330 etiam
897 1268 1128 1333 Sacramentum
1142 1286 1201 1331 su·

71 1374 200 1455 scipere
213 1371 384 1456 obligatur.
403 1371 489 1434 Unde
501 1376 610 1452 suapte
622 1374 772 1452 sequitur,
784 1382 903 1454 partem
914 1375 1098 1439 catholicam
1109 1374 1203 1439 etiam

71 1488 161 1557 tunc,
179 1479 250 1544 dum
265 1482 308 1544 ita
326 1478 442 1544 dictum
457 1477 583 1543 mixtum
594 1479 823 1547 matrimonium
839 1481 904 1555 init,
921 1484 1095 1563 praemissa
1114 1498 1196 1565 con-

73 1594 224 1657 veniente
239 1589 493 1672 praeparatione,
509 1588 718 1669 mundatoque
734 1590 930 1654 conscientia
956 1590 995 1653 ad
1011 1588 1086 1653 illud
1103 1609 1200 1654 acce·
1312 1626 1316 1631 ·

74 1698 154 1765 dere
171 1696 301 1775 debere,
314 1703 348 1758 et
361 1697 394 1759 in
411 1712 449 1757 eo
468 1711 552 1769 esso,
567 1700 601 1758 ut
619 1694 743 1760 divinae
758 1698 882 1779 gratiae
899 1700 1057 1781 particeps
1074 1697 1112 1760 ad
1128 1717 1196 1763 om·

74 1810 125 1874 nia
142 1806 248 1870 cilicia
268 1810 368 1869 status
384 1802 619 1865 matrimonialis
636 1803 971 1885 implenda,oneraque
988 1804 1198 1887 supportanda

73 1917 178 1999 aptior
193 1911 352 1999 reddatur.
376 1909 488 1974 Mulier
505 1908 658 1973 catholica
675 1916 746 1990 pust
762 1917 993 1974 consummatas
1003 1912 1125 1991 nuptias
1137 1928 1200 1975 non
1315 1930 1318 1935 ·

73 2042 169 2091 secus
185 2041 222 2086 ac
240 2028 310 2103 post
327 2027 458 2101 partum,
475 2025 569 2101 prout
584 2017 751 2097 hactenus,
769 2020 809 2082 ita
822 2018 915 2080 etiam
930 2020 963 2082 in
974 2018 1112 2082 futurum
1123 2021 1201 2083 citra

74 2148 201 2199 omnem
218 2126 431 2192 difficultatem
448 2125 674 2198 introducatur,
691 2143 796 2206 neque
812 2127 930 2207 uspiam
947 2126 1032 2188 ultra
1047 2125 1089 2200 id,
1116 2126 1199 2205 quod

72 2240 245 2324 Eucyclica
261 2237 311 2301 dd.
331 2237 360 2299 2.
376 2237 438 2299 Jul.
456 2253 484 2297 a.
502 2253 530 2296 c.
547 2220 734 2315 praedocuit,
752 2232 952 2316 procedatur,
969 2252 1079 2298 verum
1095 2236 1126 2297 in
1143 2250 1200 2296 re-

73 2351 167 2433 liquis
186 2347 328 2410 omnibus
345 2349 489 2406 servetur
499 2342 691 2425 praevlgcns
709 2359 794 2407 usus.
812 2342 1086 2422 Dispensationem
1097 2349 1199 2407 autem

30 2496 43 2501 -
71 2460 103 2521 in
118 2452 422 2540 promulgationibus
439 2458 531 2512 tenor
547 2449 737 2528 Encyclicae
754 2467 810 2530 pro
826 2449 977 2514 similibus
994 2449 1201 2514 matrimoniis

73 2570 187 2649 aperte
213 2557 365 2625 excludit.
389 2559 628 2641 inscriptionem
653 2556 787 2639 denique
813 2560 846 2620 in
871 2559 996 2623 rubrica
1013 2557 1196 2633 „Minister‘
1306 2616 1309 2621 .

72 2676 119 2739 sic
135 2668 248 2735 facere
264 2669 423 2752 oportebit
438 2668 523 2733 iuxta
539 2667 757 2749 liucyclicam:
781 2666 841 2744 ‚,N.
859 2669 896 2732 ll.
914 2668 1069 2751 parochus
1085 2669 1179 2734 loci.“

597 2902 684 2975 582.

70 3101 217 3163 Ulterior
229 3096 499 3171 Repraesentatio
523 3048 667 3150 eiusdem
689 3092 890 3159 ltistrlctus,¹
911 3092 1001 3148 cuius
1025 3106 1086 3164 ope
1108 3106 1204 3149 seusa

69 3210 132 3251 sua
145 3190 406 3249 circarationcm
419 3184 631 3249 sacramenti,
645 3186 676 3239 ct
689 3183 960 3239 introductionem
974 3183 1006 3237 in
1020 3180 1204 3238 Ecclesiam
1280 3236 1284 3241 ,

71 3283 209 3343 uberius
223 3279 402 3352 exponunt,
416 3277 567 3348 praeviae
580 3272 781 3330 Resolutioui
795 3272 987 3330 Praesulcae
1002 3286 1202 3343 nequaquam
1260 3272 1263 3277 '

166 3373 170 3379 '
365 3381 515 3432 consona,
532 3363 585 3421 dd.
599 3364 650 3421 ai.
663 3362 820 3420 Novemb.
835 3362 926 3420 isit).

166 3538 308 3603 Perlecto
334 3538 447 3622 prioris
482 3532 747 3616 congregationis
773 3530 970 3610 Protooollo,
1000 3529 1193 3614 vulgataque

73 3648 247 3717 Praesulea
262 3647 471 3711 Resolutione
487 3680 531 3691 -
546 3640 768 3709 Districtuales
784 3673 828 3685 --
844 3642 874 3702 iu
891 3657 941 3717 eo,
968 3646 1003 3701 ut
1019 3638 1129 3704 mulier
1144 3654 1210 3701 cu·-

73 3761 194 3825 tholica
213 3742 328 3822 statum
344 3753 532 3816 matrimonii
549 3769 615 3812 cum
633 3753 837 3832 protestante,
855 3762 918 3809 non
931 3744 1057 3808 attentis
1070 3741 1203 3825 legitimi

75 3869 126 3932 sui
143 3865 279 3949 pastoris
297 3870 336 3933 ,et
364 3863 504 3925 doctoris
523 3858 686 3939 quibusvis
711 3856 835 3919 monitis
860 3859 892 3915 et
917 3850 1202 3928 dehortationibus,
1268 3834 1273 3841 ’

74 3975 282 4059 ingrediens,
308 3968 385 4034 illud
402 3987 518 4033 revera
536 3984 596 4048 qua
611 3967 850 4047 Sacramentum
867 3961 1031 4040 suscipere
1046 3957 1122 4019 velit
1132 4000 1141 4034 ‚
1170 3972 1207 4017 ac

75 4081 229 4156 intendat,
246 4080 372 4160 taleque
391 4096 505 4160 reapse
522 4077 684 4158 suscipiat,
701 4073 794 4135 valde
811 4088 845 4135 se
862 4068 1047 4143 adhaerere,
1063 4072 1096 4127 et
1111 4063 1205 4127 mini·
1326 4100 1329 4107 ·

83 4209 134 4255 me
153 4190 322 4271 capacitari
336 4203 429 4267 posse
447 4184 657 4248 declararant.
682 4182 728 4244 De
744 4178 799 4242 tali
815 4180 896 4241 euim
911 4190 1050 4257 persona
1067 4171 1203 4234 catboli-

65 4317 128 4375 ca,
145 4316 227 4381 quae
244 4313 299 4370 se,
316 4293 529 4359 contrahendo
546 4294 676 4356 mixtum
691 4288 929 4359 matrimonium,
947 4283 1007 4347 scit
1023 4300 1065 4345 ex
1080 4280 1206 4344 institu-
