2798 4852
255 226 277 309 ’,
336 250 457 296 -,
534 185 911 342 ¹.t.„'-·4244-·.

46 495 50 501 .
153 430 280 499 Manita
296 418 437 525 pridem-¹,
463 452 482 498 e
502 418 563 498 'sua
583 450 693 517 nempe
717 430 837 499 vernali
854 434 1115 519 congregatione
1130 455 1159 504 a,
1177 454 1207 501 c.
1222 438 1273 504 bt·

154 542 282 623 strictus
299 545 360 606 iste
386 560 403 604 a
421 539 588 634 Sna'llltte
614 542 733 626 Eppali-
749 543 876 625 rogavit
899 538 1105 608 initiationem
1123 551 1155 607 et
1170 543 1274 625 pater·

66 688 71 699 .
154 656 224 714 nam
242 648 551 719 determinationem:
579 656 680 714 utrum
706 649 848 714 mulieris
865 651 1074 737 evangelicae
1091 658 1209 734 nuptae
1224 671 1276 715 ca·

20 804 51 849 ¹.
74 754 77 759 ’
129 786 133 792 ·
156 752 275 822 tliolieo
291 757 362 824 viro
385 748 641 821 introductioad
666 757 835 839 paroebum
863 765 985 839 spectet
1002 759 1216 838 catholicum,
1237 760 1275 821 ita

94 904 97 908 -
125 910 128 915 -
157 858 231 937 tuuc
258 863 525 947 argumentando:
549 865 611 928 hoc
637 864 800 929 exclusive
825 865 864 928 ad
890 867 1064 949 paroobum
1092 862 1274 932 catholicon

157 977 314 1052 spectare,
333 989 403 1034 cum
419 978 485 1036 tota
501 971 696 1036 introductio
722 972 761 1036 ad
777 972 1031 1039 benedictionem
1047 975 1133 1038 uteri
1149 972 1274 1038 tendere

99 1148 104 1155 ,
146 1077 310 1159 uideatur,
327 1079 415 1142 iuxta
432 1079 586 1163 actualem
602 1086 707 1157 autem
723 1079 805 1162 legis
820 1083 943 1162 patriae
955 1082 1198 1163 dispositionem
1212 1097 1273 1163 pro·

66 1266 70 1272 ,
153 1186 201 1248 les
216 1185 296 1247 tales
308 1188 369 1249 sint
385 1185 754 1269 legetenuscatbolicae,
772 1190 833 1251 eas'
846 1189 943 1271 proin
957 1189 1100 1253 minister
1116 1189 1273 1273 evangeli·

155 1308 212 1354 cus
227 1292 313 1363 nullo
330 1295 397 1356 iure
413 1294 607 1360 benedicere
624 1312 683 1360 scu
698 1296 810 1377 possit,
828 1296 1028 1374 senaud'eat,
1045 1297 1272 1370 seuvelit.,llc·

157 1397 273 1461 solutio
289 1399 470 1482 Eppulisad
487 1403 566 1465 baec
581 1402 658 1467 fuit:
677 1403 942 1468 introductionem
958 1398 1121 1470 eiusmodi
1137 1421 1270 1484 neonup·

156 1512 208 1568 tae
224 1522 284 1569 ceu
295 1521 366 1580 ,rem
382 1503 658 1589 sacramentarium
675 1527 737 1572 non
754 1528 848 1573 secus
865 1529 902 1572 ao
919 1512 1152 1595 copulationem
1172 1510 1211 1573 ad
1224 1529 1271 1594 pa·

92 1616 95 1621 ’
159 1610 291 1674 rochum
314 1614 505 1679 catholicum
531 1616 695 1698 spectares
713 1617 746 1679 ln
772 1619 930 1699 praesenti
956 1634 1033 1680 casu
1058 1617 1269 1682 Districtuulcs

156 1719 202 1780 sic
218 1727 495 1800 argumentantur:
513 1723 581 1785 ctttn
598 1730 663 1786 tota
680 1723 874 1792 introductio
885 1722 925 1787 ad
941 1717 1198 1789 benedictionem
1207 1724 1270 1796 uteri

16 1816 19 1823 ’
123 1844 126 1849 ·
158 1831 190 1889 et
204 1831 382 1907 respective
398 1829 502 1891 foetus
519 1827 649 1900 tendere
666 1830 819 1902 videatur,
835 1829 942 1911 proles
959 1837 1064 1895 autem
1092 1831 1269 1895 matrelicn

158 1940 311 2007 catholica
328 1939 505 2001 nasciturae
522 1936 553 1998 in
569 1937 825 2017 protestantismo
843 1935 1009 2001 Ecclesiae
1025 1935 1209 2003 Catholicae
1224 1954 1269 2000 nn·

156 2053 238 2116 toric
253 2046 380 2135 inimico
396 2040 578 2107 educandae
595 2044 740 2117 veniant:
767 2045 923 2125 quomodo
940 2046 999 2108 hac
1015 2047 1079 2109 ritu
1095 2063 1269 2110 sacramen·

26 2234 33 2241 ,
128 2139 143 2211 ζ’
154 2160 244 2223 turin
256 2172 312 2238 per
328 2151 501 2237 paroobum
518 2150 707 2235 catholicum
724 2148 871 2222 benedici
887 2150 1270 2236 possintmereanturquel

123 2269 239 2331 ⁴ltem
267 2281 336 2326 cum
352 2257 597 2325 Districtualium
624 2258 787 2342 principiis
813 2276 909 2336 supra
934 2259 1036 2336 allatis
1052 2260 1270 2326 inhaerentium

160 2375 310 2471 opipione
326 2368 521 2431 matrimonio
533 2366 711 2442 ‚eiusmodi,
739 2364 822 2447 quod
849 2383 1002 2448 esponso
1019 2366 1115 2452 Aug:
1131 2368 1271 2433 metes:

160 2479 284 2563 gratiae
300 2470 693 2556 sacramentalis-experte,
710 2480 742 2535 ct
758 2490 874 2561 sponsa
891 2472 1045 2538 catholica
1064 2475 1104 2552 ad
1123 2472 1270 2539 omniasui

158 2587 293 2668 pastoris
310 2580 437 2655 nomine
453 2579 616 2644 Ecclesiae
632 2579 790 2661 loquentis
808 2581 957 2645 salutaria
983 2581 1101 2646 monita
1119 2584 1271 2648 obstinata.

157 2696 389 2772 consequenter
414 2707 477 2772 pro
497 2687 677 2770 recipienda
704 2688 806 2770 gratia
836 2688 1056 2778 sacramentali
1084 2690 1269 2772 indisposita,

159 2805 189 2866 in
207 2799 385 2883 praesentia
403 2796 534 2859 duorum
554 2796 604 2858 vel
620 2798 713 2858 trium
731 2796 855 2859 testium
882 2802 918 2863 et
937 2795 1068 2879 parochi
1086 2796 1204 2860 nullam
1219 2798 1272 2860 fer·

163 2927 254 2981 mam‚
271 2905 386 2967 nullam
402 2922 537 2985 precem,
555 2901 671 2967 nuMam
687 2903 941 2967 benedictionem
957 2906 1208 2985 pronunciantis,
1230 2900 1271 2966 sad

77 3086 80 3090 A
162 3014 318 3096 passivam
330 3002 529 3075 'selummodo
546 3011 758 3074 assistentiam
775 3004 965 3092 praestantis
982 3009 1156 3085 coalescit,
1174 3010 1271 3076 Sacra-

160 3129 309 3195 mentum,
325 3121 407 3201 qued
424 3119 596 3202 principale
613 3127 672 3192 est,
690 3138 748 3183 nec
765 3119 1008 3200 administretur,
1033 3118 1186 3183 fortassis
1202 3122 1269 3183 eins·

159 3227 241 3293 modi
258 3234 437 3309 neonuptae
454 3246 514 3290 nec
531 3227 716 3292 beneficium
728 3216 973 3291 introductionis
991 3245 1053 3307 qna
1071 3227 1269 3293 accessorium

143 3343 245 3400 'esset
262 3333 483 3400 exhibendum.
929 3344 932 3350 ’

685 3530 772 3602 583.

270 3680 279 3717 ”
382 3701 586 3773 Responsum
599 3676 756 3772 Episcopi
770 3700 824 3756 dd.
839 3703 868 3758 8.
884 3701 961 3760 lieo.
975 3672 1071 3759 1840..

176 3928 179 3934 .
247 3869 347 3938 Dubia
364 3875 396 3932 et
412 3869 586 3931 anxietates
603 3867 848 3943 bistrictuattmn
874 3868 967 3932 isthic
983 3874 1151 3953 proposita
1168 3880 1199 3937 ct
1217 3888 1264 3933 mo·

159 3981 255 4043 tivata
270 3979 598 4056 inrespectusponsae
616 3976 791 4038 catholicae
803 3979 870 4040 viro
882 3977 1010 4040 alteritus
1021 3979 1265 4061 religioniscitn

164 4085 349 4151 reversalcs
365 4085 511 4154 nubentis
528 4084 605 4145 ultra
632 4082 855 4163 provebuntur,
881 4100 972 4165 quam
990 4076 1128 4150 necesse
1146 4095 1203 4151 est.
1225 4084 1268 4148 St·

167 4191 555 4258 eramentaPoenitentiae
583 4196 613 4252 ot
639 4189 826 4254 Matrimonii
853 4190 979 4254 diversa
996 4180 1091 4267 sunt,
1124 4200 1266 4275 potestque

172 4295 253 4375 lieri,
270 4306 303 4361 ut
318 4315 425 4363 eorum
436 4317 530 4363 unum
541 4299 646 4382 digne,
657 4298 788 4361 alterum
800 4299 977 4383 incongrue
995 4303 1195 4384 suscipiatur.
1206 4297 1265 4373 Oui·

164 4420 234 4466 nam
260 4403 300 4465 sit
325 4403 464 4468 Minister
481 4405 674 4470 sacramenti
692 4405 889 4486 Matrimonii,
915 4428 972 4488 per
989 4408 1168 4475 Ecclesiam
1188 4407 1263 4470 adas·
