2798 4852
487 174 772 336 Ι·--ἰι49-’

61 424 189 490 modum
214 424 326 507 vigore
342 442 465 507 quoque
490 427 702 507 praesentium
728 408 798 490 cum
822 442 861 489 eo
877 427 988 491 hortor
1003 433 1035 491 et
1054 441 1186 493 moneo:

59 539 114 607 ut',
152 528 410 620 quemadmodum
435 531 537 596 nullus
561 550 685 597 sacrum
713 533 858 598 ardorem
885 533 917 596 in
943 549 982 597 eo
1009 533 1187 599 desiderari

57 639 211 720 patiatur,
230 657 291 722 quo
309 639 348 702 ad
365 639 550 704 catholicam
576 639 709 724 prolium
726 643 888 724 utriusque
904 658 1001 706 sexus
1018 640 1186 705 educatio-

57 765 131 810 nem
157 764 291 828 sponsus
309 766 326 810 a
343 749 444 812 sacris
472 745 633 812 catholicis
658 746 780 815 alienus
808 750 905 813 vitata
924 749 1007 813 omni
1023 748 1187 814 coactione

54 863 170 937 sponte
195 854 342 939 ultroque
368 856 532 936 flectatur3
560 858 603 920 ita
620 858 646 922 si
663 855 701 920 ad
728 858 862 923 eandem
879 860 1072 934 accesserit,
1090 855 1183 921 adhi-

59 964 176 1027 beatur
191 963 297 1028 debita
313 946 480 1046 prudentia
496 965 675 1046 pastoralis,
692 973 726 1031 ut
741 965 943 1042 Reversales,
960 969 988 1032 si
1006 985 1085 1050 quae
1102 967 1185 1031 ultro

60 1078 94 1135 et
110 1072 269 1136 benevole
285 1071 325 1135 de
342 1071 495 1136 catholica
510 1071 641 1153 prolium
657 1072 843 1140 educatione
859 1073 985 1140 oblatae
1001 1072 1131 1148 suerint,
1147 1074 1186 1137 iis

56 1178 118 1242 sub
143 1177 276 1242 cautelis
303 1182 475 1244 exarentur
485 1222 494 1256 ,
520 1197 581 1261 quo
598 1180 720 1245 illarum
736 1181 925 1247 adminiculo
941 1181 1072 1247 eaedem
1089 1189 1184 1245 extra

57 1268 185 1351 omnem
201 1286 450 1351 controversiam
467 1294 623 1368 ponantur
632 1309 643 1368 3
667 1306 749 1370 quae
778 1290 956 1354 reversates
983 1288 1022 1351 ad
1047 1290 1186 1371 exigen-

58 1395 136 1458 tiam
151 1394 404 1478 praevigentium
429 1397 672 1460 normativorum
698 1396 842 1461 ordinum
867 1395 1032 1461 Tabulario
1048 1394 1187 1460 Dioece-

57 1518 139 1566 sano
156 1500 342 1566 inferendae
358 1510 443 1567 sunt.
469 1502 588 1576 Quodsi
615 1522 691 1569 vero
717 1506 847 1588 sponsio
873 1502 1088 1587 denoatholicu
1106 1521 1186 1586 pro-

57 1608 133 1673 lium
150 1608 340 1675 educatione
357 1618 470 1691 spoute
488 1610 632 1694 ultroque
648 1610 799 1693 praestita
817 1629 879 1675 non
894 1598 1009 1686 luerit,
1027 1610 1059 1674 in
1075 1611 1187 1674 huius·
1276 1638 1279 1643 ·

57 1715 149 1781 medi
166 1733 241 1780 casu
258 1718 453 1781 matrimonio
465 1720 551 1783 circa
568 1720 699 1785 activam
717 1719 975 1804 cooperationem
993 1718 1032 1781 ad
1050 1718 1185 1800 exigen·
1310 1710 1313 1715 ’

57 1821 132 1895 tiam
151 1822 255 1887 editae
272 1820 493 1887 lnstructionis
510 1824 541 1887 in
559 1824 631 1891 loco
642 1825 766 1890 decenti
784 1826 954 1907 habituque
966 1825 1186 1890 ecclesiastico

56 1929 200 1993 modesta
210 1932 368 2014 gravitate
379 1933 554 2006 assistatur,
572 1930 709 2015 nihilque
721 1933 752 1995 in
763 1933 884 1997 actibus
895 1933 997 2016 quoad
1012 1933 1094 1996 hunc
1110 1931 1184 1994 ine-

57 2035 135 2101 undi
155 2036 342 2130 matrimonii
352 2037 504 2102 rationem
514 2037 716 2114 intercurrat,
736 2038 861 2122 quodie
878 2039 971 2104 aliter
987 2039 1186 2102 sentientium

55 2150 246 2208 contentum
260 2144 380 2228 accipi,
407 2151 460 2210 aut
485 2147 690 2214 irritationem
719 2147 852 2211 aliorum
868 2164 1048 2225 provocare
1064 2153 1183 2227 posset.
1299 2198 1302 2203 .

59 2250 161 2325 Quam
179 2269 256 2317 vero
274 2252 409 2317 Curuios
426 2253 578 2317 adhibere
596 2260 721 2336 oportet
738 2253 926 2335 pastoralem
943 2270 1048 2317 curam
1066 2260 1096 2316 et
1113 2251 1184 2317 sol-

55 2357 274 2434 licitudinem,
299 2359 371 2423 dum
396 2359 590 2425 matrimonia
616 2362 711 2426 mixta
737 2361 904 2426 ineuntur:
930 2357 1039 2424 eadem
1062 2376 1204 2443 prose·-

56 2465 184 2550 queuda
212 2475 285 2533 sunt
309 2468 359 2531 illa
384 2471 478 2533 etiam
510 2477 673 2553 postquam
698 2472 773 2535 inita
799 2477 893 2545 sunt,
926 2476 959 2533 ut
984 2474 1047 2533 rion
1064 2476 1184 2535 tantum

56 2574 163 2657 quoad
178 2574 586 2669 catholieameducationem
602 2578 735 2658 prolium
752 2577 783 2640 in
799 2595 894 2642 sensu
910 2575 990 2659 legis
1007 2583 1060 2640 aut
1077 2576 1108 2641 in
1126 2576 1185 2638 vim

57 2680 265 2748 reversalium
289 2683 528 2765 impendendam
547 2685 651 2749 debita
666 2683 852 2757 adhibeatur
867 2682 1053 2768 vigilantia,
1079 2681 1187 2746 sedet
1253 2728 1256 2733 .
1329 2678 1334 2687 '

56 2796 167 2875 partes
193 2790 370 2855 catholicae
396 2791 550 2858 adversus
585 2790 804 2860 seductionem
829 2798 861 2855 et
894 2788 1188 2853 indifferentismum

60 2895 305 2979 religiouarium
320 2901 592 2980 praemuniantur3
609 2899 693 2964 unde
710 2916 772 2962 non
790 2905 909 2964 tantum
926 2896 964 2960 ad
982 2894 1189 2977 profitendam

56 3002 149 3067 firmo
166 3005 385 3088 constantique
401 3007 502 3068 animo
519 3004 626 3069 Fidem
642 3004 728 3068 cath.
746 3005 982 3078 cohortandae,
1000 3003 1057 3067 sed
1074 3010 1105 3066 et
1121 3019 1189 3066 mu·

57 3110 287 3188 nendaesunt,
305 3119 338 3176 ut
355 3112 404 3194 pia
421 3113 575 3190 oratione,
593 3110 755 3176 Ecclesiae
772 3109 902 3175 assidua
920 3108 1188 3191 frequentatione,
1249 3176 1254 3183 ,

57 3219 152 3283 verbi
176 3217 271 3284 divini
297 3218 405 3283 sedula
431 3227 463 3282 et
488 3225 608 3283 attenta
626 3217 806 3295 auditione,
836 3218 887 3300 pia
905 3215 1189 3289 sacramentorum,
1234 3302 1237 3307 Ι

59 3344 144 3411 quae
161 3332 233 3390 sunt
248 3326 353 3392 ioutes
370 3325 520 3391 salientes
537 3327 568 3390 in
586 3326 679 3390 vitam
695 3332 874 3404 aeternam,
892 3322 1101 3406 susceptione
1118 3338 1190 3386 sese

12 3439 15 3443 ’
57 3432 213 3499 adversus
229 3436 369 3519 pericula
386 3436 495 3499 salutis
512 3442 543 3499 et
554 3434 756 3499 seductiones
773 3433 812 3497 ad
829 3431 1074 3498 desciscendum
1085 3450 1102 3493 a
1113 3448 1188 3494 vera

16 3530 39 3555 ”
56 3540 121 3607 fide
136 3542 294 3619 muniant,
319 3549 353 3607 ut
368 3543 492 3606 divinae
509 3543 631 3625 gratiae
649 3541 764 3608 auxilio
781 3541 907 3606 adiutae
934 3539 1011 3605 nulli
1026 3537 1189 3603 tentationi
1257 3580 1260 3587 ·

57 3649 281 3726 succumbant,
315 3649 471 3732 vitamque
498 3655 530 3714 et
564 3668 667 3715 mores
700 3647 949 3715 institutionibus
988 3655 1019 3712 et
1050 3663 1187 3731 pracee-

57 3759 123 3843 ptis
138 3756 302 3822 Ecclesiae
330 3756 509 3822 Catholicae
534 3763 595 3820 tarn
622 3762 734 3820 exacte
761 3755 983 3828 conforment,
1010 3772 1073 3836 quo
1098 3770 1190 3818 sacra

58 3864 216 3959 catholica
254 3868 346 3931 etiam
376 3864 442 3940 illi,
474 3867 527 3949 qui
560 3866 597 3928 ah
628 3865 667 3930 iis
700 3865 794 3961 alieni
827 3869 916 3945 sunt,
958 3863 1123 3926 aestiment
1151 3866 1188 3923 et
1271 3905 1274 3909 -
1345 3930 1350 3938 ‚

33 3972 214 4039 -adament
936 4020 938 4025 .

151 4081 255 4158 Deus,
287 4084 341 4166 qui
364 4083 557 4149 sustinentes
582 4082 717 4146 adversa
743 4098 806 4146 non
831 4077 995 4152 destituit,
1029 4080 1192 4159 protector

61 4196 95 4255 et
120 4189 292 4255 auxiliator
317 4186 434 4255 'noster
456 4189 617 4254 confirmet
632 4197 664 4253 et
689 4188 846 4271 adaugeat
876 4189 907 4250 in
929 4183 1073 4251 onnnihus
1091 4179 1187 4267 spiri·

61 4304 128 4365 turn
163 4297 357 4364 fortitudinis
397 4298 605 4380 roborisque,
642 4295 733 4361 etl).
760 4296 854 4362 Vram
889 4288 1187 4359 Goudistrictuales·

16 4480 20 4493 ¹
60 4426 124 4491 que
158 4422 234 4472 suos
259 4424 316 4472 sua
346 4405 448 4490 gratia
475 4413 508 4471 ot
525 4421 586 4489 ope
612 4400 821 4481 communiat,
846 4408 939 4495 atque
964 4402 1124 4481 paternam
1156 4400 1188 4459 et

22 4597 25 4603 ¹
102 4525 263 4602 lloaleadoy,
277 4531 307 4582 da
323 4530 398 4583 Matr.
412 4529 508 4581 Micta's.
523 4527 573 4581 111.
945 4519 980 4575 29
