2798 4852
568 276 879 367 ..aarvsss¹
968 237 1036 327 st

620 561 622 565 ’
655 577 742 649 595.

12 740 15 743 Ι
132 770 283 842 Epistol·
315 766 491 841 pastoralis
521 767 609 839 Eppt
634 765 859 822 (lassovienele
884 766 926 827 ad
947 764 1082 822 clerum
1107 762 1246 824 (lurotu

135 860 230 919 Gom.
244 858 511 929 nuanjvartensts
523 858 599 928 post
612 855 713 912 latam
725 856 765 911 de
777 856 1000 913 matu-mixtis
1012 854 1247 912 ltetermlnatte·

358 961 451 1011 ηοω,
466 946 519 1000 dd.
532 946 579 1002 18.
591 943 764 1000 Decembr.
778 944 870 1011 leto,
888 945 1033 1022 dimisso.

224 1116 319 1186 Eum,
346 1130 409 1193 quo
434 1113 565 1176 salutem
591 1111 736 1173 dominici
761 1113 871 1192 gregis
893 1129 990 1175 curae
1007 1129 1098 1173 meaa
1115 1111 1249 1174 divinitus

138 1224 314 1297 commissi,
341 1227 372 1281 et
396 1238 521 1292 eorum,
548 1221 600 1300 qui
620 1220 650 1280 iu
670 1217 780 1279 eadem
797 1218 993 1297 procuranda
1010 1223 1087 1280 sunt
1103 1215 1249 1281 adiutores

67 1340 70 1345 ’
142 1336 174 1391 et
190 1335 416 1410 cooperatores
434 1329 513 1399 mei,
528 1343 680 1407 prospera
698 1331 729 1386 et
745 1323 878 1388 adversa
895 1325 1101 1406 complector,
1120 1319 1246 1386 animum

54 1438 87 1489 .’
129 1438 266 1516 ingentis
293 1435 462 1514 acerbique
490 1432 607 1496 doloris
634 1449 731 1495 sensu
757 1427 938 1512 perculerat
964 1450 1004 1494 ca
1024 1430 1247 1497 determinatio.

133 1559 223 1622 quam
240 1540 409 1603 Comitatus
431 1539 688 1620 Ahaujvdriensis
706 1540 737 1601 in
754 1536 898 1600 Generali
925 1540 1191 1620 congregatione
1206 1535 1248 1598 23.

6 1680 11 1687 ·
131 1634 211 1713 Nov.
230 1645 443 1727 etsubsequis
461 1645 570 1707 dicbus
586 1634 888 1714 celebrata'tulerat
906 1643 1019 1724 vigore
1034 1646 1126 1707 cuius
1144 1642 1248 1704 decer·

13 1758 17 1764 '
57 1762 59 1769 ’
133 1754 239 1816 nitur:
272 1759 440 1816 utcontra
473 1744 644 1815 animarum
670 1742 833 1815 curatores
859 1754 894 1815 in
919 1741 1127 1814 matrimoniis
1152 1752 1247 1815 mixtis

40 1930 42 1935 ,
134 1859 388 1924 benedictionem
404 1861 436 1922 in
453 1856 597 1922 Ecclesia
622 1867 807 1922 recusantes
829 1858 1029 1922 fundamento
1046 1858 1184 1923 Articuli
1200 1857 1247 1919 tl:

132 1965 229 2029 1647.
246 1966 282 2027 ad
301 1967 480 2048 birsagialis
496 1966 629 2029 mulctae
645 1965 717 2065 000.
736 1965 765 2028 d.
783 1967 926 2048 ungarie.
954 1965 1185 2028 desumtionem
1200 1982 1248 2049 per

131 2073 274 2138 Sedriam
306 2066 590 2136 extraordinariam
616 2062 847 2153 sub'praesidio
874 2068 980 2134 Salsu·
1004 2070 1248 2157 Viae-Comitis

29 2172 39 2187 ⁸
88 2226 106 2256 „
132 2181 331 2243 constitutam
347 2179 556 2267 procedatur,
575 2176 858 2258 determinatioque
874 2178 951 2240 haec
969 2194 1032 2240 non
1051 2172 1175 2241 tantum
1190 2195 1249 2241 cun

42 2284 47 2289 ’
131 2287 199 2349 aliis
217 2286 418 2349 Comitatibus
444 2287 709 2357 communicetur,
736 2283 792 2347 sod
818 2285 905 2347 etin
931 2287 1052 2365 gremio
1077 2286 1249 2355 Comitatus,

130 2409 191 2473 quo
208 2392 247 2453 ad
269 2395 418 2456 notitiam·
432 2391 533 2474 plebis
558 2382 727 2468 tarvenna
750 2392 869 2485 possit,
897 2388 998 2454 medio
1024 2391 1247 2455 Currentalian

57 2558 60 2564 ,
128 2498 312 2577 publicetur.
338 2499 434 2572 Quam
453 2496 743 2562 determinationem
760 2498 938 2562 Catholicae
956 2499 1137 2580 Religioni,
1155 2500 1246 2562 liber·

12 2686 15 2690 ⁸
128 2605 184 2666 tati
201 2606 414 2667 conscientiae
425 2605 640 2676 sacerdotalis,
659 2605 821 2686 legitimae
836 2607 983 2688 potestati
994 2606 1243 2673 Ecclesiasticae.

131 2714 378 2793 immunitatique
403 2712 567 2775 adversam
593 2729 686 2787 esse,
718 2713 879 2793 legalique
896 2711 1101 2775 fundamento
1123 2713 1249 2785 destitui,

132 2817 279 2880 advoluta
297 2820 413 2897 scripta
430 2819 608 2880 luculenter
622 2827 846 2882 remonstrant.

221 2923 373 2986 Acerbum
400 2933 448 2986 est
474 2926 618 3005 quidem,
650 2926 732 3006 quod
758 2944 826 2988 meo
853 2943 1058 3006 meorumque
1087 2925 1177 2990 cordi
1202 2943 1247 3006 per

130 3028 318 3108 suprafatam
336 3029 626 3094 determinationem
644 3031 794 3094 inflictum
811 3039 869 3106 est,
887 3033 1020 3107 vulnus;
1049 3033 1108 3095 sed
1125 3035 1247 3095 intanta

36 3187 38 3191 ,
130 3124 299 3199 acerbitate
326 3136 444 3201 doloris
470 3157 533 3202 non
559 3139 709 3202 dedicios:
735 3137 772 3198 ad
798 3129 874 3201 Eum
904 3140 984 3200 enim
1000 3136 1106 3200 levavi
1124 3136 1247 3202 animan

131 3257 249 3313 meam,
276 3247 328 3324 qui
350 3232 527 3306 Ecclesiam
543 3263 629 3306 suam
647 3245 869 3309 adversitatum
887 3246 1033 3308 ductibus
1052 3248 1185 3315 iactari.
1200 3242 1248 3307 sad

25 3386 32 3396 ›
128 3352 299 3428 merginon
311 3353 518 3433 sinit‚quique
532 3353 661 3413 eandam
679 3354 710 3413 in
726 3353 812 3415 nulla
834 3353 1034 3441 tribulatione
1053 3353 1190 3424 descrit.
1202 3349 1247 3414 sed

132 3456 255 3516 cunctis
265 3458 413 3537 periculis
434 3464 464 3520 et
485 3458 626 3520 humanis
647 3458 888 3528 adversitatibus
907 3456 1118 3521 excelsiorem
1131 3461 1248 3521 dextera

129 3545 292 3639 potentiae
309 3567 384 3625 sua'e
401 3563 516 3637 elficit3
537 3565 608 3626 Eius
625 3572 738 3644 potens
756 3565 903 3626 auxilium
921 3563 960 3624 de
977 3565 1040 3625 alto
1060 3566 1128 3646 iugi
1146 3582 1247 3647 precr-

128 3668 215 3728 tione
232 3668 382 3747 imploro,
398 3676 441 3757 ut
458 3689 496 3733 eo
520 3671 664 3733 adiutore
681 3680 711 3732 et
727 3678 908 3751 protectore
927 3689 984 3748 aa,
1003 3690 1087 3753 qnae
1106 3674 1245 3736 suscitata

129 3781 197 3848 est,
215 3774 366 3854 procella,
384 3777 563 3855 propulsata
580 3760 810 3858 destructisque
828 3777 1072 3840 adversitatibus
1096 3778 1165 3841 dies
1183 3795 1248 3842 con·

133 3879 297 3942 solationis
323 3880 505 3959 illucescat,
533 3890 718 3964 tempusque
743 3884 848 3947 solatii
865 3884 979 3946 veniat.
1006 3885 1245 3967 Supplicibuset

131 3983 545 4067 indesinentibusprccibus
563 3990 645 4050 meis'
656 3997 689 4051 ut
700 3989 808 4052 DsVra
820 3991 982 4071 ceterique
1000 3990 1248 4054 Condistrictua·

67 4076 70 4081 ’
129 4088 175 4149 les
195 4108 269 4153 suas
287 4109 410 4172 quoque
426 4095 476 4174 pia
494 4102 597 4156 mente
613 4095 757 4176 iungant,
775 4113 837 4159 non
854 4103 969 4157 ostcur
986 4095 1132 4176 pluribus
1150 4094 1244 4158 verbis

128 4194 291 4258 exhorter.
324 4197 356 4257 ln
373 4198 468 4270 Eius,
501 4200 538 4261 ad
556 4204 645 4264 cuias
668 4201 804 4265 divinum
828 4202 1020 4282 praesidium
1048 4202 1248 4284 confugimus.

129 4319 221 4362 manu
239 4309 311 4363 sunt
328 4306 424 4368 corda
442 4306 561 4388 Regum
572 4327 581 4383 3
598 4307 681 4369 unde
699 4307 801 4370 nullus
819 4308 953 4388 ambigo,
978 4306 1066 4388 quod
1082 4307 1246 4391 Augustis·

13 4456 17 4463 .
132 4405 229 4469 rimus
245 4406 418 4484 imperator
435 4418 465 4474 et
481 4413 549 4476 Rex
565 4415 774 4494 Apostolicus‚
802 4417 853 4479 cui
871 4416 910 4478 sit
927 4412 1028 4489 salus,
1049 4423 1082 4480 et
1094 4412 1247 4480 incolumi·
