<?xml version="1.0" encoding="UTF-8"?>
<!DOCTYPE html PUBLIC "-//W3C//DTD XHTML 1.0 Transitional//EN"
    "http://www.w3.org/TR/xhtml1/DTD/xhtml1-transitional.dtd">
<html xmlns="http://www.w3.org/1999/xhtml" xml:lang="en" lang="en">
 <head>
  <title>
</title>
<meta http-equiv="Content-Type" content="text/html;charset=utf-8" />
  <meta name='ocr-system' content='tesseract 3.04.00' />
  <meta name='ocr-capabilities' content='ocr_page ocr_carea ocr_par ocr_line ocrx_word'/>
</head>
<body>
  <div class='ocr_page' id='page_1' title='image "./dematrimoniismi00roskgoog_0662.png"; bbox 0 0 2798 4852; ppageno 0'>
   <div class='ocr_carea' id='block_1_1' title="bbox 514 246 743 370">
    <p class='ocr_par' dir='ltr' id='par_1_1' title="bbox 514 246 743 370">
     <span class='ocr_line' id='line_1_1' title="bbox 514 246 743 370; baseline 0.017 -4"><span class='ocrx_word' id='word_1_1' title='bbox 514 341 558 354; x_wconf 84' lang='lat'><em>-</em></span> <span class='ocrx_word' id='word_1_2' title='bbox 592 294 669 370; x_wconf 83' lang='lat' dir='ltr'><strong>ara</strong></span> <span class='ocrx_word' id='word_1_3' title='bbox 690 246 743 356; x_wconf 64' lang='grc' dir='ltr'><strong>ζ-</strong></span> 
     </span>
    </p>
   </div>
   <div class='ocr_carea' id='block_1_2' title="bbox 59 480 1181 574">
    <p class='ocr_par' dir='ltr' id='par_1_2' title="bbox 59 480 1181 574">
     <span class='ocr_line' id='line_1_2' title="bbox 59 480 1181 574; baseline 0.008 -23"><span class='ocrx_word' id='word_1_4' title='bbox 59 480 280 561; x_wconf 86' lang='lat' dir='ltr'><strong>interveniret,</strong></span> <span class='ocrx_word' id='word_1_5' title='bbox 298 507 377 572; x_wconf 90' lang='lat' dir='ltr'><strong>quae</strong></span> <span class='ocrx_word' id='word_1_6' title='bbox 396 490 507 554; x_wconf 86' lang='lat' dir='ltr'><strong>mixtas</strong></span> <span class='ocrx_word' id='word_1_7' title='bbox 523 491 698 572; x_wconf 85' lang='lat' dir='ltr'><strong>hujusmodi</strong></span> <span class='ocrx_word' id='word_1_8' title='bbox 716 495 835 574; x_wconf 75' lang='lat' dir='ltr'><strong>nuptias</strong></span> <span class='ocrx_word' id='word_1_9' title='bbox 854 480 987 558; x_wconf 76' lang='lat' dir='ltr'><strong>evadere</strong></span> <span class='ocrx_word' id='word_1_10' title='bbox 1006 492 1181 568; x_wconf 84' lang='lat' dir='ltr'><strong>rideretur,</strong></span> 
     </span>
    </p>
   </div>
   <div class='ocr_carea' id='block_1_3' title="bbox 62 595 1292 683">
    <p class='ocr_par' dir='ltr' id='par_1_3' title="bbox 62 595 1292 683">
     <span class='ocr_line' id='line_1_3' title="bbox 62 595 1292 683; baseline 0.005 -22"><span class='ocrx_word' id='word_1_11' title='bbox 62 614 127 661; x_wconf 89' lang='lat' dir='ltr'><strong>non</strong></span> <span class='ocrx_word' id='word_1_12' title='bbox 144 595 233 661; x_wconf 88' lang='lat' dir='ltr'><strong>aliter</strong></span> <span class='ocrx_word' id='word_1_13' title='bbox 249 596 319 659; x_wconf 90' lang='lat' dir='ltr'><strong>illas</strong></span> <span class='ocrx_word' id='word_1_14' title='bbox 336 599 480 669; x_wconf 75' lang='lat' dir='ltr'>contrahi</span> <span class='ocrx_word' id='word_1_15' title='bbox 492 616 595 682; x_wconf 86' lang='lat' dir='ltr'><strong>posse,</strong></span> <span class='ocrx_word' id='word_1_16' title='bbox 613 618 701 680; x_wconf 86' lang='lat' dir='ltr'><strong>quant</strong></span> <span class='ocrx_word' id='word_1_17' title='bbox 720 600 851 682; x_wconf 84' lang='lat' dir='ltr'><strong>adjectis</strong></span> <span class='ocrx_word' id='word_1_18' title='bbox 869 602 1053 683; x_wconf 77' lang='lat' dir='ltr'>opportunis</span> <span class='ocrx_word' id='word_1_19' title='bbox 1072 609 1184 666; x_wconf 89' lang='lat' dir='ltr'><strong>cante·</strong></span> <span class='ocrx_word' id='word_1_20' title='bbox 1289 630 1292 637; x_wconf 23' lang='grc' dir='ltr'><strong>Δ</strong></span> 
     </span>
    </p>
   </div>
   <div class='ocr_carea' id='block_1_4' title="bbox 15 704 1236 2093">
    <p class='ocr_par' dir='ltr' id='par_1_4' title="bbox 15 704 1236 2093">
     <span class='ocr_line' id='line_1_4' title="bbox 60 704 1184 791; baseline 0.004 -25"><span class='ocrx_word' id='word_1_21' title='bbox 60 704 112 780; x_wconf 92' lang='lat' dir='ltr'><strong>lis,</strong></span> <span class='ocrx_word' id='word_1_22' title='bbox 129 712 192 770; x_wconf 88' lang='lat' dir='ltr'><strong>tum</strong></span> <span class='ocrx_word' id='word_1_23' title='bbox 209 724 248 768; x_wconf 94' lang='lat' dir='ltr'><strong>ne</strong></span> <span class='ocrx_word' id='word_1_24' title='bbox 266 706 379 787; x_wconf 74' lang='lat' dir='ltr'><strong>coniux</strong></span> <span class='ocrx_word' id='word_1_25' title='bbox 396 705 568 772; x_wconf 88' lang='lat' dir='ltr'><strong>catholicus</strong></span> <span class='ocrx_word' id='word_1_26' title='bbox 581 708 752 791; x_wconf 87' lang='lat' dir='ltr'><strong>periculum</strong></span> <span class='ocrx_word' id='word_1_27' title='bbox 764 708 957 772; x_wconf 78' lang='lat' dir='ltr'><strong>deserendae</strong></span> <span class='ocrx_word' id='word_1_28' title='bbox 974 709 1046 773; x_wconf 89' lang='lat' dir='ltr'><strong>srdei</strong></span> <span class='ocrx_word' id='word_1_29' title='bbox 1063 709 1184 781; x_wconf 87' lang='lat' dir='ltr'><strong>subeat,</strong></span> 
     </span>
     <span class='ocr_line' id='line_1_5' title="bbox 60 812 1184 899; baseline 0.005 -25"><span class='ocrx_word' id='word_1_30' title='bbox 60 813 138 895; x_wconf 87' lang='lat' dir='ltr'><strong>quin</strong></span> <span class='ocrx_word' id='word_1_31' title='bbox 154 812 257 896; x_wconf 89' lang='lat' dir='ltr'><strong>potius</strong></span> <span class='ocrx_word' id='word_1_32' title='bbox 275 812 326 876; x_wconf 87' lang='lat' dir='ltr'><strong>ille</strong></span> <span class='ocrx_word' id='word_1_33' title='bbox 344 815 448 877; x_wconf 90' lang='lat' dir='ltr'><strong>teneri</strong></span> <span class='ocrx_word' id='word_1_34' title='bbox 466 832 500 875; x_wconf 87' lang='lat' dir='ltr'><strong>se</strong></span> <span class='ocrx_word' id='word_1_35' title='bbox 527 817 622 878; x_wconf 88' lang='lat' dir='ltr'><strong>sciret</strong></span> <span class='ocrx_word' id='word_1_36' title='bbox 638 816 676 878; x_wconf 94' lang='lat' dir='ltr'><strong>ad</strong></span> <span class='ocrx_word' id='word_1_37' title='bbox 693 816 880 879; x_wconf 89' lang='lat' dir='ltr'><strong>catholicum</strong></span> <span class='ocrx_word' id='word_1_38' title='bbox 902 819 1067 899; x_wconf 86' lang='lat' dir='ltr'><strong>conjugem</strong></span> <span class='ocrx_word' id='word_1_39' title='bbox 1085 817 1184 880; x_wconf 89' lang='lat' dir='ltr'><strong>redu-</strong></span> 
     </span>
     <span class='ocr_line' id='line_1_6' title="bbox 61 919 1184 1006; baseline 0.002 -24"><span class='ocrx_word' id='word_1_40' title='bbox 61 919 208 994; x_wconf 88' lang='lat' dir='ltr'><strong>cendum,</strong></span> <span class='ocrx_word' id='word_1_41' title='bbox 221 922 398 999; x_wconf 91' lang='lat' dir='ltr'><strong>tum&#39;etiam,</strong></span> <span class='ocrx_word' id='word_1_42' title='bbox 410 925 447 984; x_wconf 88' lang='lat' dir='ltr'><strong>ut</strong></span> <span class='ocrx_word' id='word_1_43' title='bbox 462 920 569 1006; x_wconf 88' lang='lat' dir='ltr'><strong>proles</strong></span> <span class='ocrx_word' id='word_1_44' title='bbox 581 925 744 1005; x_wconf 84' lang='lat' dir='ltr'><strong>utriusque</strong></span> <span class='ocrx_word' id='word_1_45' title='bbox 761 941 856 986; x_wconf 77' lang='lat' dir='ltr'><strong>sonus</strong></span> <span class='ocrx_word' id='word_1_46' title='bbox 875 942 914 986; x_wconf 88' lang='lat' dir='ltr'><strong>ex</strong></span> <span class='ocrx_word' id='word_1_47' title='bbox 931 941 969 988; x_wconf 88' lang='lat' dir='ltr'><strong>eo</strong></span> <span class='ocrx_word' id='word_1_48' title='bbox 988 924 1184 987; x_wconf 92' lang='lat' dir='ltr'><strong>matrimonio</strong></span> 
     </span>
     <span class='ocr_line' id='line_1_7' title="bbox 62 1017 1185 1113; baseline 0 -20"><span class='ocrx_word' id='word_1_49' title='bbox 62 1028 267 1112; x_wconf 88' lang='lat' dir='ltr'><strong>procreanda</strong></span> <span class='ocrx_word' id='word_1_50' title='bbox 285 1031 316 1093; x_wconf 92' lang='lat' dir='ltr'><strong>in</strong></span> <span class='ocrx_word' id='word_1_51' title='bbox 337 1017 512 1093; x_wconf 88' lang='lat' dir='ltr'><strong>catholicae</strong></span> <span class='ocrx_word' id='word_1_52' title='bbox 528 1030 692 1113; x_wconf 83' lang='lat' dir='ltr'><strong>religionis</strong></span> <span class='ocrx_word' id='word_1_53' title='bbox 711 1033 877 1102; x_wconf 90' lang='lat' dir='ltr'><strong>sanctitate</strong></span> <span class='ocrx_word' id='word_1_54' title='bbox 887 1031 1086 1103; x_wconf 90' lang='lat' dir='ltr'><strong>educaretur,</strong></span> <span class='ocrx_word' id='word_1_55' title='bbox 1105 1049 1185 1112; x_wconf 87' lang='lat' dir='ltr'><strong>qnae</strong></span> 
     </span>
     <span class='ocr_line' id='line_1_8' title="bbox 61 1134 1236 1220; baseline 0.002 -23"><span class='ocrx_word' id='word_1_56' title='bbox 61 1134 206 1199; x_wconf 74' lang='lat' dir='ltr'><strong>cautelae</strong></span> <span class='ocrx_word' id='word_1_57' title='bbox 223 1137 251 1200; x_wconf 92' lang='lat' dir='ltr'><strong>si</strong></span> <span class='ocrx_word' id='word_1_58' title='bbox 267 1137 388 1215; x_wconf 90' lang='lat' dir='ltr'><strong>absint,</strong></span> <span class='ocrx_word' id='word_1_59' title='bbox 414 1138 614 1218; x_wconf 68' lang='lat' dir='ltr'><strong>obtinerique</strong></span> <span class='ocrx_word' id='word_1_60' title='bbox 633 1145 800 1219; x_wconf 78' lang='lat' dir='ltr'><strong>nequeant,</strong></span> <span class='ocrx_word' id='word_1_61' title='bbox 820 1146 883 1202; x_wconf 91' lang='lat' dir='ltr'><strong>tum</strong></span> <span class='ocrx_word' id='word_1_62' title='bbox 910 1141 1070 1203; x_wconf 91' lang='lat' dir='ltr'><strong>enimvero</strong></span> <span class='ocrx_word' id='word_1_63' title='bbox 1088 1155 1184 1220; x_wconf 83' lang='lat' dir='ltr'><strong>paro·</strong></span> <span class='ocrx_word' id='word_1_64' title='bbox 1233 1138 1236 1145; x_wconf 88' lang='grc'><strong><em>’</em></strong></span> 
     </span>
     <span class='ocr_line' id='line_1_9' title="bbox 60 1241 1185 1328; baseline 0.004 -22"><span class='ocrx_word' id='word_1_65' title='bbox 60 1241 195 1307; x_wconf 87' lang='lat' dir='ltr'><strong>chorum</strong></span> <span class='ocrx_word' id='word_1_66' title='bbox 212 1242 439 1317; x_wconf 85' lang='lat' dir='ltr'><strong>catholicorum</strong></span> <span class='ocrx_word' id='word_1_67' title='bbox 458 1262 541 1318; x_wconf 89' lang='lat' dir='ltr'><strong>esse,</strong></span> <span class='ocrx_word' id='word_1_68' title='bbox 559 1252 593 1309; x_wconf 91' lang='lat' dir='ltr'><strong>ut</strong></span> <span class='ocrx_word' id='word_1_69' title='bbox 610 1247 648 1308; x_wconf 90' lang='lat' dir='ltr'><strong>ab</strong></span> <span class='ocrx_word' id='word_1_70' title='bbox 660 1246 844 1310; x_wconf 84' lang='lat' dir='ltr'><strong>adhibendis</strong></span> <span class='ocrx_word' id='word_1_71' title='bbox 855 1247 966 1309; x_wconf 89' lang='lat' dir='ltr'><strong>ritibus</strong></span> <span class='ocrx_word' id='word_1_72' title='bbox 983 1248 1092 1324; x_wconf 85' lang='lat' dir='ltr'><strong>sacris,</strong></span> <span class='ocrx_word' id='word_1_73' title='bbox 1109 1265 1185 1328; x_wconf 88' lang='lat' dir='ltr'><strong>pre-</strong></span> 
     </span>
     <span class='ocr_line' id='line_1_10' title="bbox 15 1350 1185 1434; baseline 0.002 -22"><span class='ocrx_word' id='word_1_74' title='bbox 15 1428 18 1433; x_wconf 29' lang='lat'>·</span> <span class='ocrx_word' id='word_1_75' title='bbox 60 1350 154 1415; x_wconf 87' lang='lat' dir='ltr'><strong>cibus</strong></span> <span class='ocrx_word' id='word_1_76' title='bbox 171 1359 203 1414; x_wconf 88' lang='lat' dir='ltr'><strong>et</strong></span> <span class='ocrx_word' id='word_1_77' title='bbox 220 1351 439 1417; x_wconf 88' lang='lat' dir='ltr'><strong>benedictione</strong></span> <span class='ocrx_word' id='word_1_78' title='bbox 458 1353 602 1434; x_wconf 90' lang='lat' dir='ltr'><strong>omnique</strong></span> <span class='ocrx_word' id='word_1_79' title='bbox 619 1353 795 1417; x_wconf 88' lang='lat' dir='ltr'><strong>huiusmodi</strong></span> <span class='ocrx_word' id='word_1_80' title='bbox 814 1361 884 1417; x_wconf 91' lang='lat' dir='ltr'><strong>acto</strong></span> <span class='ocrx_word' id='word_1_81' title='bbox 903 1354 1090 1426; x_wconf 87' lang='lat' dir='ltr'><strong>abstineant,</strong></span> <span class='ocrx_word' id='word_1_82' title='bbox 1103 1353 1185 1417; x_wconf 88' lang='lat' dir='ltr'><strong>unda</strong></span> 
     </span>
     <span class='ocr_line' id='line_1_11' title="bbox 60 1459 1184 1543; baseline 0 -21"><span class='ocrx_word' id='word_1_83' title='bbox 60 1460 178 1542; x_wconf 79' lang='lat' dir='ltr'>conjici</span> <span class='ocrx_word' id='word_1_84' title='bbox 195 1459 314 1541; x_wconf 86' lang='lat' dir='ltr'>possit,</span> <span class='ocrx_word' id='word_1_85' title='bbox 343 1460 570 1523; x_wconf 83' lang='lat' dir='ltr'><strong>matrimonium</strong></span> <span class='ocrx_word' id='word_1_86' title='bbox 589 1459 650 1522; x_wconf 87' lang='lat' dir='ltr'><strong>tale</strong></span> <span class='ocrx_word' id='word_1_87' title='bbox 668 1461 706 1523; x_wconf 90' lang='lat' dir='ltr'><strong>ab</strong></span> <span class='ocrx_word' id='word_1_88' title='bbox 724 1462 800 1543; x_wconf 91' lang='lat' dir='ltr'><strong>ipsis</strong></span> <span class='ocrx_word' id='word_1_89' title='bbox 818 1460 1006 1541; x_wconf 90' lang='lat' dir='ltr'><strong>adprobari,</strong></span> <span class='ocrx_word' id='word_1_90' title='bbox 1034 1463 1121 1542; x_wconf 93' lang='lat' dir='ltr'><strong>ipsos</strong></span> <span class='ocrx_word' id='word_1_91' title='bbox 1140 1461 1184 1523; x_wconf 89' lang='lat' dir='ltr'><strong>illi</strong></span> 
     </span>
     <span class='ocr_line' id='line_1_12' title="bbox 60 1566 1185 1653; baseline 0.002 -24"><span class='ocrx_word' id='word_1_92' title='bbox 60 1567 252 1649; x_wconf 83' lang='lat' dir='ltr'><strong>cooperari3</strong></span> <span class='ocrx_word' id='word_1_93' title='bbox 277 1568 352 1629; x_wconf 92' lang='lat' dir='ltr'><strong>etsi</strong></span> <span class='ocrx_word' id='word_1_94' title='bbox 379 1566 578 1631; x_wconf 90' lang='lat' dir='ltr'><strong>nibilominus</strong></span> <span class='ocrx_word' id='word_1_95' title='bbox 603 1569 790 1631; x_wconf 86' lang='lat' dir='ltr'><strong>matrimonii</strong></span> <span class='ocrx_word' id='word_1_96' title='bbox 817 1572 995 1653; x_wconf 89' lang='lat' dir='ltr'><strong>conjunctio</strong></span> <span class='ocrx_word' id='word_1_97' title='bbox 1022 1576 1185 1652; x_wconf 85' lang='lat' dir='ltr'><strong>urgeatur,</strong></span> 
     </span>
     <span class='ocr_line' id='line_1_13' title="bbox 58 1675 1186 1760; baseline 0.001 -23"><span class='ocrx_word' id='word_1_98' title='bbox 58 1675 149 1757; x_wconf 90' lang='lat' dir='ltr'><strong>ipsos</strong></span> <span class='ocrx_word' id='word_1_99' title='bbox 167 1675 317 1756; x_wconf 81' lang='lat' dir='ltr'><strong>negative</strong></span> <span class='ocrx_word' id='word_1_100' title='bbox 334 1675 442 1738; x_wconf 91' lang='lat' dir='ltr'><strong>saltem</strong></span> <span class='ocrx_word' id='word_1_101' title='bbox 460 1692 495 1738; x_wconf 89' lang='lat' dir='ltr'><strong>se</strong></span> <span class='ocrx_word' id='word_1_102' title='bbox 513 1693 629 1757; x_wconf 84' lang='lat' dir='ltr'><strong>gerere</strong></span> <span class='ocrx_word' id='word_1_103' title='bbox 646 1684 807 1759; x_wconf 86' lang='lat' dir='ltr'><strong>oportere,</strong></span> <span class='ocrx_word' id='word_1_104' title='bbox 825 1684 857 1741; x_wconf 90' lang='lat' dir='ltr'><strong>ut</strong></span> <span class='ocrx_word' id='word_1_105' title='bbox 875 1677 1007 1760; x_wconf 88' lang='lat' dir='ltr'><strong>quippe,</strong></span> <span class='ocrx_word' id='word_1_106' title='bbox 1026 1679 1052 1739; x_wconf 93' lang='lat' dir='ltr'><strong>si</strong></span> <span class='ocrx_word' id='word_1_107' title='bbox 1071 1675 1186 1739; x_wconf 90' lang='lat' dir='ltr'><strong>nullum</strong></span> 
     </span>
     <span class='ocr_line' id='line_1_14' title="bbox 58 1778 1186 1867; baseline -0.001 -19"><span class='ocrx_word' id='word_1_108' title='bbox 58 1783 144 1848; x_wconf 88' lang='lat' dir='ltr'><strong>aliud</strong></span> <span class='ocrx_word' id='word_1_109' title='bbox 162 1785 345 1848; x_wconf 88' lang='lat' dir='ltr'><strong>canonicum</strong></span> <span class='ocrx_word' id='word_1_110' title='bbox 361 1783 611 1867; x_wconf 89' lang='lat' dir='ltr'><strong>impedimentum</strong></span> <span class='ocrx_word' id='word_1_111' title='bbox 630 1783 743 1862; x_wconf 91' lang='lat' dir='ltr'><strong>obstet,</strong></span> <span class='ocrx_word' id='word_1_112' title='bbox 761 1802 950 1849; x_wconf 90' lang='lat' dir='ltr'><strong>consensum</strong></span> <span class='ocrx_word' id='word_1_113' title='bbox 962 1778 1186 1867; x_wconf 89' lang='lat' dir='ltr'><strong>desponsorum</strong></span> 
     </span>
     <span class='ocr_line' id='line_1_15' title="bbox 58 1892 1185 1974; baseline -0.003 -17"><span class='ocrx_word' id='word_1_114' title='bbox 58 1899 199 1957; x_wconf 88' lang='lat' dir='ltr'><strong>mutuum</strong></span> <span class='ocrx_word' id='word_1_115' title='bbox 225 1893 257 1956; x_wconf 92' lang='lat' dir='ltr'><strong>in</strong></span> <span class='ocrx_word' id='word_1_116' title='bbox 284 1892 541 1956; x_wconf 89' lang='lat' dir='ltr'><strong>matrimonialem</strong></span> <span class='ocrx_word' id='word_1_117' title='bbox 567 1892 821 1974; x_wconf 83' lang='lat' dir='ltr'><strong>conjunctionem</strong></span> <span class='ocrx_word' id='word_1_118' title='bbox 849 1893 887 1955; x_wconf 92' lang='lat' dir='ltr'><strong>de</strong></span> <span class='ocrx_word' id='word_1_119' title='bbox 904 1894 1063 1972; x_wconf 89' lang='lat' dir='ltr'><strong>praesenti</strong></span> <span class='ocrx_word' id='word_1_120' title='bbox 1081 1911 1185 1955; x_wconf 91' lang='lat' dir='ltr'><strong>coram</strong></span> 
     </span>
     <span class='ocr_line' id='line_1_16' title="bbox 60 1997 1186 2093; baseline -0.005 -27"><span class='ocrx_word' id='word_1_121' title='bbox 60 2019 111 2076; x_wconf 88' lang='lat' dir='ltr'><strong>se,</strong></span> <span class='ocrx_word' id='word_1_122' title='bbox 129 2007 161 2064; x_wconf 87' lang='lat' dir='ltr'><strong>et</strong></span> <span class='ocrx_word' id='word_1_123' title='bbox 178 1999 300 2066; x_wconf 89' lang='lat' dir='ltr'><strong>duobus</strong></span> <span class='ocrx_word' id='word_1_124' title='bbox 317 1998 367 2063; x_wconf 84' lang='lat' dir='ltr'><strong>vel</strong></span> <span class='ocrx_word' id='word_1_125' title='bbox 394 2001 492 2066; x_wconf 89' lang='lat' dir='ltr'><strong>tribas</strong></span> <span class='ocrx_word' id='word_1_126' title='bbox 509 1999 579 2093; x_wconf 72' lang='lat' dir='ltr'><strong>abis</strong></span> <span class='ocrx_word' id='word_1_127' title='bbox 605 2001 737 2063; x_wconf 90' lang='lat' dir='ltr'><strong>testibus</strong></span> <span class='ocrx_word' id='word_1_128' title='bbox 755 1999 912 2062; x_wconf 88' lang='lat' dir='ltr'><strong>declarari</strong></span> <span class='ocrx_word' id='word_1_129' title='bbox 929 2016 991 2061; x_wconf 93' lang='lat' dir='ltr'><strong>non</strong></span> <span class='ocrx_word' id='word_1_130' title='bbox 1009 1997 1186 2079; x_wconf 88' lang='lat' dir='ltr'><strong>impediant,</strong></span> 
     </span>
    </p>
   </div>
   <div class='ocr_carea' id='block_1_5' title="bbox 59 2086 1313 2226">
    <p class='ocr_par' dir='ltr' id='par_1_5' title="bbox 59 2086 1313 2226">
     <span class='ocr_line' id='line_1_17' title="bbox 59 2086 1313 2226; baseline -0.002 -54"><span class='ocrx_word' id='word_1_131' title='bbox 59 2114 230 2190; x_wconf 81' lang='lat' dir='ltr'><strong>actumque</strong></span> <span class='ocrx_word' id='word_1_132' title='bbox 248 2107 357 2186; x_wconf 86' lang='lat' dir='ltr'><strong>talem,</strong></span> <span class='ocrx_word' id='word_1_133' title='bbox 384 2107 469 2171; x_wconf 87' lang='lat' dir='ltr'><strong>velut</strong></span> <span class='ocrx_word' id='word_1_134' title='bbox 495 2106 598 2171; x_wconf 87' lang='lat' dir='ltr'><strong>valide</strong></span> <span class='ocrx_word' id='word_1_135' title='bbox 625 2113 747 2188; x_wconf 84' lang='lat' dir='ltr'><strong>gostnrn</strong></span> <span class='ocrx_word' id='word_1_136' title='bbox 773 2109 803 2169; x_wconf 91' lang='lat' dir='ltr'><strong>in</strong></span> <span class='ocrx_word' id='word_1_137' title='bbox 828 2107 939 2226; x_wconf 82' lang='lat' dir='ltr'><strong>tibrum</strong></span> <span class='ocrx_word' id='word_1_138' title='bbox 968 2086 1204 2184; x_wconf 76' lang='lat' dir='ltr'><strong>copulatorum</strong></span> <span class='ocrx_word' id='word_1_139' title='bbox 1302 2158 1313 2177; x_wconf 84' lang='grc'>,</span> 
     </span>
    </p>
   </div>
   <div class='ocr_carea' id='block_1_6' title="bbox 10 2216 1264 3914">
    <p class='ocr_par' dir='ltr' id='par_1_6' title="bbox 10 2216 1264 3914">
     <span class='ocr_line' id='line_1_18' title="bbox 58 2216 213 2282; baseline -0.014 0"><span class='ocrx_word' id='word_1_140' title='bbox 58 2216 213 2282; x_wconf 86' lang='lat' dir='ltr'><strong>referant.</strong></span> 
     </span>
     <span class='ocr_line' id='line_1_19' title="bbox 54 2320 1185 2406; baseline -0.002 -18"><span class='ocrx_word' id='word_1_141' title='bbox 54 2350 58 2359; x_wconf 61' lang='lat'><strong><em>¹</em></strong></span> <span class='ocrx_word' id='word_1_142' title='bbox 152 2324 271 2399; x_wconf 87' lang='lat' dir='ltr'><strong>Quibus</strong></span> <span class='ocrx_word' id='word_1_143' title='bbox 285 2322 409 2406; x_wconf 89' lang='lat' dir='ltr'><strong>quidem</strong></span> <span class='ocrx_word' id='word_1_144' title='bbox 426 2320 551 2386; x_wconf 86' lang='lat' dir='ltr'><strong>statutis</strong></span> <span class='ocrx_word' id='word_1_145' title='bbox 569 2329 601 2385; x_wconf 93' lang='lat' dir='ltr'><strong>ut</strong></span> <span class='ocrx_word' id='word_1_146' title='bbox 619 2323 721 2386; x_wconf 89' lang='lat' dir='ltr'><strong>animo</strong></span> <span class='ocrx_word' id='word_1_147' title='bbox 740 2323 995 2406; x_wconf 81' lang='lat' dir='ltr'><strong>docilipastores</strong></span> <span class='ocrx_word' id='word_1_148' title='bbox 1013 2324 1185 2387; x_wconf 89' lang='lat' dir='ltr'><strong>animarum</strong></span> 
     </span>
     <span class='ocr_line' id='line_1_20' title="bbox 48 2416 1264 2517; baseline -0.003 -18"><span class='ocrx_word' id='word_1_149' title='bbox 48 2416 168 2517; x_wconf 78' lang='lat' dir='ltr'><strong>¹aeque</strong></span> <span class='ocrx_word' id='word_1_150' title='bbox 186 2451 222 2495; x_wconf 91' lang='lat' dir='ltr'><strong>ac</strong></span> <span class='ocrx_word' id='word_1_151' title='bbox 241 2431 353 2495; x_wconf 85' lang='lat' dir='ltr'><strong>fideles</strong></span> <span class='ocrx_word' id='word_1_152' title='bbox 371 2449 490 2495; x_wconf 86' lang='lat' dir='ltr'><strong>rnorem</strong></span> <span class='ocrx_word' id='word_1_153' title='bbox 508 2437 631 2512; x_wconf 83' lang='lat' dir='ltr'><strong>gerant,</strong></span> <span class='ocrx_word' id='word_1_154' title='bbox 649 2448 710 2494; x_wconf 90' lang='lat' dir='ltr'><strong>non</strong></span> <span class='ocrx_word' id='word_1_155' title='bbox 729 2434 898 2495; x_wconf 86' lang='lat' dir='ltr'><strong>auctoritas</strong></span> <span class='ocrx_word' id='word_1_156' title='bbox 918 2438 1038 2496; x_wconf 88' lang='lat' dir='ltr'><strong>tantum</strong></span> <span class='ocrx_word' id='word_1_157' title='bbox 1056 2432 1187 2495; x_wconf 84' lang='lat' dir='ltr'><strong>Romani</strong></span> <span class='ocrx_word' id='word_1_158' title='bbox 1260 2508 1264 2516; x_wconf 28' lang='grc' dir='ltr'><strong><em>Ι</em></strong></span> 
     </span>
     <span class='ocr_line' id='line_1_21' title="bbox 33 2537 1186 2622; baseline -0.006 -15"><span class='ocrx_word' id='word_1_159' title='bbox 33 2610 37 2616; x_wconf 70' lang='grc'><strong>,</strong></span> <span class='ocrx_word' id='word_1_160' title='bbox 61 2540 222 2608; x_wconf 89' lang='lat' dir='ltr'><strong>Pontilicis</strong></span> <span class='ocrx_word' id='word_1_161' title='bbox 248 2557 306 2622; x_wconf 93' lang='lat' dir='ltr'><strong>pro</strong></span> <span class='ocrx_word' id='word_1_162' title='bbox 325 2539 453 2603; x_wconf 89' lang='lat' dir='ltr'><strong>unitatis</strong></span> <span class='ocrx_word' id='word_1_163' title='bbox 471 2544 581 2600; x_wconf 87' lang='lat' dir='ltr'><strong>centro</strong></span> <span class='ocrx_word' id='word_1_164' title='bbox 600 2545 631 2598; x_wconf 91' lang='lat' dir='ltr'><strong>et</strong></span> <span class='ocrx_word' id='word_1_165' title='bbox 649 2537 805 2600; x_wconf 87' lang='lat' dir='ltr'><strong>ecclesiae</strong></span> <span class='ocrx_word' id='word_1_166' title='bbox 824 2539 996 2603; x_wconf 85' lang='lat' dir='ltr'><strong>catholicae</strong></span> <span class='ocrx_word' id='word_1_167' title='bbox 1015 2539 1117 2620; x_wconf 89' lang='lat' dir='ltr'><strong>capito</strong></span> <span class='ocrx_word' id='word_1_168' title='bbox 1136 2539 1186 2600; x_wconf 91' lang='lat' dir='ltr'><strong>di-</strong></span> 
     </span>
     <span class='ocr_line' id='line_1_22' title="bbox 60 2643 1179 2728; baseline -0.006 -13"><span class='ocrx_word' id='word_1_169' title='bbox 60 2650 179 2716; x_wconf 88' lang='lat' dir='ltr'><strong>vinitus</strong></span> <span class='ocrx_word' id='word_1_170' title='bbox 196 2648 356 2712; x_wconf 88' lang='lat' dir='ltr'><strong>constituti</strong></span> <span class='ocrx_word' id='word_1_171' title='bbox 373 2646 515 2728; x_wconf 88' lang='lat' dir='ltr'><strong>requirit,</strong></span> <span class='ocrx_word' id='word_1_172' title='bbox 533 2643 589 2711; x_wconf 92' lang='lat' dir='ltr'><strong>sed</strong></span> <span class='ocrx_word' id='word_1_173' title='bbox 607 2665 646 2708; x_wconf 83' lang='lat' dir='ltr'><strong>ex</strong></span> <span class='ocrx_word' id='word_1_174' title='bbox 664 2645 739 2724; x_wconf 92' lang='lat' dir='ltr'><strong>ipsis</strong></span> <span class='ocrx_word' id='word_1_175' title='bbox 758 2647 849 2709; x_wconf 88' lang='lat' dir='ltr'><strong>etiarn</strong></span> <span class='ocrx_word' id='word_1_176' title='bbox 867 2646 1021 2710; x_wconf 89' lang='lat' dir='ltr'><strong>ratiouoni</strong></span> <span class='ocrx_word' id='word_1_177' title='bbox 1042 2665 1179 2711; x_wconf 91' lang='lat' dir='ltr'><strong>momen·</strong></span> 
     </span>
     <span class='ocr_line' id='line_1_23' title="bbox 61 2736 1187 2840; baseline -0.004 -18"><span class='ocrx_word' id='word_1_178' title='bbox 61 2761 113 2831; x_wconf 90' lang='lat' dir='ltr'><strong>tis,</strong></span> <span class='ocrx_word' id='word_1_179' title='bbox 131 2759 242 2840; x_wconf 91' lang='lat' dir='ltr'><strong>quibus</strong></span> <span class='ocrx_word' id='word_1_180' title='bbox 255 2756 307 2819; x_wconf 91' lang='lat' dir='ltr'><strong>illa</strong></span> <span class='ocrx_word' id='word_1_181' title='bbox 325 2763 596 2838; x_wconf 84' lang='lat' dir='ltr'><strong>superstruuntur,</strong></span> <span class='ocrx_word' id='word_1_182' title='bbox 613 2753 705 2816; x_wconf 88' lang='lat' dir='ltr'><strong>laoile</strong></span> <span class='ocrx_word' id='word_1_183' title='bbox 723 2736 917 2836; x_wconf 77' lang='lat' dir='ltr'><strong>intelligitur.</strong></span> <span class='ocrx_word' id='word_1_184' title='bbox 931 2754 1005 2827; x_wconf 83' lang='lat' dir='ltr'><strong>Quis</strong></span> <span class='ocrx_word' id='word_1_185' title='bbox 1025 2755 1106 2817; x_wconf 89' lang='lat' dir='ltr'><strong>enim</strong></span> <span class='ocrx_word' id='word_1_186' title='bbox 1125 2774 1187 2818; x_wconf 91' lang='lat' dir='ltr'><strong>non</strong></span> 
     </span>
     <span class='ocr_line' id='line_1_24' title="bbox 61 2862 1187 2944; baseline -0.007 -13"><span class='ocrx_word' id='word_1_187' title='bbox 61 2866 169 2934; x_wconf 83' lang='lat' dir='ltr'><strong>videat</strong></span> <span class='ocrx_word' id='word_1_188' title='bbox 186 2866 351 2929; x_wconf 86' lang='lat' dir='ltr'><strong>cautiones</strong></span> <span class='ocrx_word' id='word_1_189' title='bbox 377 2862 432 2925; x_wconf 91' lang='lat' dir='ltr'><strong>bas</strong></span> <span class='ocrx_word' id='word_1_190' title='bbox 450 2880 560 2926; x_wconf 89' lang='lat' dir='ltr'><strong>omnes</strong></span> <span class='ocrx_word' id='word_1_191' title='bbox 587 2881 626 2924; x_wconf 92' lang='lat' dir='ltr'><strong>eo</strong></span> <span class='ocrx_word' id='word_1_192' title='bbox 644 2869 808 2944; x_wconf 87' lang='lat' dir='ltr'><strong>spectare,</strong></span> <span class='ocrx_word' id='word_1_193' title='bbox 842 2866 873 2925; x_wconf 88' lang='lat' dir='ltr'><strong>nt</strong></span> <span class='ocrx_word' id='word_1_194' title='bbox 894 2862 1046 2927; x_wconf 89' lang='lat' dir='ltr'><strong>voluntati</strong></span> <span class='ocrx_word' id='word_1_195' title='bbox 1064 2862 1187 2925; x_wconf 92' lang='lat' dir='ltr'><strong>divinae</strong></span> 
     </span>
     <span class='ocr_line' id='line_1_25' title="bbox 29 2954 1188 3060; baseline -0.008 -20"><span class='ocrx_word' id='word_1_196' title='bbox 29 2954 32 2959; x_wconf 33' lang='lat'><strong><em>¹</em></strong></span> <span class='ocrx_word' id='word_1_197' title='bbox 61 2971 123 3060; x_wconf 87' lang='lat' dir='ltr'><strong>per</strong></span> <span class='ocrx_word' id='word_1_198' title='bbox 139 2981 279 3038; x_wconf 90' lang='lat' dir='ltr'><strong>sanctam</strong></span> <span class='ocrx_word' id='word_1_199' title='bbox 297 2969 466 3052; x_wconf 81' lang='lat' dir='ltr'><strong>conjugum</strong></span> <span class='ocrx_word' id='word_1_200' title='bbox 483 2970 597 3038; x_wconf 86' lang='lat' dir='ltr'><strong>vitam,</strong></span> <span class='ocrx_word' id='word_1_201' title='bbox 624 2967 854 3050; x_wconf 88' lang='lat' dir='ltr'><strong>salutaremque</strong></span> <span class='ocrx_word' id='word_1_202' title='bbox 872 2971 1005 3052; x_wconf 87' lang='lat' dir='ltr'><strong>proliont</strong></span> <span class='ocrx_word' id='word_1_203' title='bbox 1023 2969 1188 3033; x_wconf 85' lang='lat' dir='ltr'><strong>educatio-</strong></span> 
     </span>
     <span class='ocr_line' id='line_1_26' title="bbox 60 3077 1186 3159; baseline -0.007 -13"><span class='ocrx_word' id='word_1_204' title='bbox 60 3078 308 3155; x_wconf 80' lang='lat' dir='ltr'><strong>nemsatisliat‘?</strong></span> <span class='ocrx_word' id='word_1_205' title='bbox 332 3077 477 3140; x_wconf 89' lang='lat' dir='ltr'><strong>Profecto</strong></span> <span class='ocrx_word' id='word_1_206' title='bbox 496 3077 623 3159; x_wconf 81' lang='lat' dir='ltr'><strong>conjux,</strong></span> <span class='ocrx_word' id='word_1_207' title='bbox 642 3077 693 3156; x_wconf 91' lang='lat' dir='ltr'><strong>qui</strong></span> <span class='ocrx_word' id='word_1_208' title='bbox 710 3082 858 3156; x_wconf 90' lang='lat' dir='ltr'><strong>quantum</strong></span> <span class='ocrx_word' id='word_1_209' title='bbox 877 3077 907 3138; x_wconf 89' lang='lat' dir='ltr'><strong>in</strong></span> <span class='ocrx_word' id='word_1_210' title='bbox 926 3095 960 3138; x_wconf 91' lang='lat' dir='ltr'><strong>se</strong></span> <span class='ocrx_word' id='word_1_211' title='bbox 977 3083 1044 3150; x_wconf 91' lang='lat' dir='ltr'><strong>est,</strong></span> <span class='ocrx_word' id='word_1_212' title='bbox 1062 3077 1186 3139; x_wconf 87' lang='lat' dir='ltr'><strong>laturas</strong></span> 
     </span>
     <span class='ocr_line' id='line_1_27' title="bbox 18 3166 1182 3267; baseline -0.001 -20"><span class='ocrx_word' id='word_1_213' title='bbox 18 3240 22 3247; x_wconf 93' lang='grc'><em>,</em></span> <span class='ocrx_word' id='word_1_214' title='bbox 61 3187 191 3255; x_wconf 81' lang='lat' dir='ltr'><strong>soboles</strong></span> <span class='ocrx_word' id='word_1_215' title='bbox 209 3188 250 3251; x_wconf 85' lang='lat' dir='ltr'><strong>ab</strong></span> <span class='ocrx_word' id='word_1_216' title='bbox 263 3184 399 3249; x_wconf 89' lang='lat' dir='ltr'><strong>ecclesia</strong></span> <span class='ocrx_word' id='word_1_217' title='bbox 412 3181 608 3267; x_wconf 81' lang='lat' dir='ltr'><strong>etreligione</strong></span> <span class='ocrx_word' id='word_1_218' title='bbox 624 3181 685 3258; x_wconf 90' lang='lat' dir='ltr'><strong>illa,</strong></span> <span class='ocrx_word' id='word_1_219' title='bbox 703 3201 793 3264; x_wconf 91' lang='lat' dir='ltr'><strong>qoam</strong></span> <span class='ocrx_word' id='word_1_220' title='bbox 810 3183 878 3266; x_wconf 92' lang='lat' dir='ltr'><strong>ipse</strong></span> <span class='ocrx_word' id='word_1_221' title='bbox 896 3179 984 3245; x_wconf 87' lang='lat' dir='ltr'><strong>velut</strong></span> <span class='ocrx_word' id='word_1_222' title='bbox 997 3166 1113 3259; x_wconf 69' lang='lat' dir='ltr'><strong>vera‘m,</strong></span> <span class='ocrx_word' id='word_1_223' title='bbox 1132 3168 1182 3246; x_wconf 84' lang='lat' dir='ltr'><strong>di·-</strong></span> 
     </span>
     <span class='ocr_line' id='line_1_28' title="bbox 20 3284 1231 3375; baseline -0.008 -15"><span class='ocrx_word' id='word_1_224' title='bbox 20 3298 23 3303; x_wconf 84' lang='lat'>&#39;</span> <span class='ocrx_word' id='word_1_225' title='bbox 62 3297 188 3370; x_wconf 81' lang='lat' dir='ltr'><strong>vinam,</strong></span> <span class='ocrx_word' id='word_1_226' title='bbox 217 3301 248 3358; x_wconf 88' lang='lat' dir='ltr'><strong>et</strong></span> <span class='ocrx_word' id='word_1_227' title='bbox 274 3292 385 3357; x_wconf 87' lang='lat' dir='ltr'><strong>mediis</strong></span> <span class='ocrx_word' id='word_1_228' title='bbox 402 3291 511 3356; x_wconf 88' lang='lat' dir='ltr'><strong>salutis</strong></span> <span class='ocrx_word' id='word_1_229' title='bbox 536 3289 804 3353; x_wconf 87' lang='lat' dir='ltr'><strong>instructissimam</strong></span> <span class='ocrx_word' id='word_1_230' title='bbox 831 3288 1012 3375; x_wconf 82' lang='lat' dir='ltr'><strong>profitetur,</strong></span> <span class='ocrx_word' id='word_1_231' title='bbox 1039 3307 1096 3353; x_wconf 90' lang='lat' dir='ltr'><strong>suo</strong></span> <span class='ocrx_word' id='word_1_232' title='bbox 1122 3291 1189 3373; x_wconf 88' lang='lat' dir='ltr'><strong>ipse</strong></span> <span class='ocrx_word' id='word_1_233' title='bbox 1228 3284 1231 3291; x_wconf 78' lang='grc'><em>’</em></span> 
     </span>
     <span class='ocr_line' id='line_1_29' title="bbox 36 3386 1231 3491; baseline -0.009 -22"><span class='ocrx_word' id='word_1_234' title='bbox 36 3465 41 3477; x_wconf 76' lang='grc'><strong><em>,</em></strong></span> <span class='ocrx_word' id='word_1_235' title='bbox 63 3403 229 3491; x_wconf 86' lang='lat' dir='ltr'><strong>proposito</strong></span> <span class='ocrx_word' id='word_1_236' title='bbox 256 3400 375 3488; x_wconf 87' lang='lat' dir='ltr'><strong>alienas</strong></span> <span class='ocrx_word' id='word_1_237' title='bbox 400 3398 505 3464; x_wconf 89' lang='lat' dir='ltr'><strong>reddit</strong></span> <span class='ocrx_word' id='word_1_238' title='bbox 531 3405 563 3461; x_wconf 93' lang='lat' dir='ltr'><strong>et</strong></span> <span class='ocrx_word' id='word_1_239' title='bbox 579 3396 745 3468; x_wconf 84' lang='lat' dir='ltr'><strong>exclusas,</strong></span> <span class='ocrx_word' id='word_1_240' title='bbox 774 3399 801 3461; x_wconf 92' lang='lat' dir='ltr'><strong>is</strong></span> <span class='ocrx_word' id='word_1_241' title='bbox 818 3416 921 3480; x_wconf 88' lang='lat' dir='ltr'><strong>nequo</strong></span> <span class='ocrx_word' id='word_1_242' title='bbox 940 3397 1061 3463; x_wconf 92' lang='lat' dir='ltr'><strong>sublimi</strong></span> <span class='ocrx_word' id='word_1_243' title='bbox 1078 3411 1189 3461; x_wconf 85' lang='lat' dir='ltr'><strong>sacra·</strong></span> <span class='ocrx_word' id='word_1_244' title='bbox 1229 3386 1231 3392; x_wconf 71' lang='grc'><strong>’</strong></span> 
     </span>
     <span class='ocr_line' id='line_1_30' title="bbox 55 3500 1189 3593; baseline -0.011 -15"><span class='ocrx_word' id='word_1_245' title='bbox 55 3500 162 3590; x_wconf 48' lang='lat' dir='ltr'><strong>,menti</strong></span> <span class='ocrx_word' id='word_1_246' title='bbox 178 3508 286 3588; x_wconf 85' lang='lat' dir='ltr'><strong>indoli,</strong></span> <span class='ocrx_word' id='word_1_247' title='bbox 304 3514 337 3572; x_wconf 90' lang='lat' dir='ltr'><strong>ut</strong></span> <span class='ocrx_word' id='word_1_248' title='bbox 354 3525 464 3593; x_wconf 88' lang='lat' dir='ltr'><strong>nempe</strong></span> <span class='ocrx_word' id='word_1_249' title='bbox 482 3506 733 3587; x_wconf 87' lang='lat' dir='ltr'><strong>conjunctionem</strong></span> <span class='ocrx_word' id='word_1_250' title='bbox 751 3503 865 3568; x_wconf 81' lang='lat' dir='ltr'><strong>Christi</strong></span> <span class='ocrx_word' id='word_1_251' title='bbox 893 3523 961 3568; x_wconf 90' lang='lat' dir='ltr'><strong>curn</strong></span> <span class='ocrx_word' id='word_1_252' title='bbox 980 3503 1115 3569; x_wconf 87' lang='lat' dir='ltr'><strong>ecclesia</strong></span> <span class='ocrx_word' id='word_1_253' title='bbox 1131 3522 1189 3567; x_wconf 90' lang='lat' dir='ltr'><strong>re-</strong></span> 
     </span>
     <span class='ocr_line' id='line_1_31' title="bbox 10 3604 1200 3707; baseline -0.006 -26"><span class='ocrx_word' id='word_1_254' title='bbox 10 3604 17 3613; x_wconf 68' lang='grc'><strong>”</strong></span> <span class='ocrx_word' id='word_1_255' title='bbox 61 3612 258 3705; x_wconf 84' lang='lat' dir='ltr'><strong>praesentet,</strong></span> <span class='ocrx_word' id='word_1_256' title='bbox 274 3613 469 3707; x_wconf 81' lang='lat' dir='ltr'><strong>respondet3</strong></span> <span class='ocrx_word' id='word_1_257' title='bbox 494 3630 596 3695; x_wconf 87' lang='lat' dir='ltr'><strong>neque</strong></span> <span class='ocrx_word' id='word_1_258' title='bbox 613 3609 771 3676; x_wconf 90' lang='lat' dir='ltr'><strong>ecclcsiae</strong></span> <span class='ocrx_word' id='word_1_259' title='bbox 788 3612 964 3682; x_wconf 84' lang='lat' dir='ltr'><strong>intentioni,</strong></span> <span class='ocrx_word' id='word_1_260' title='bbox 984 3613 1113 3695; x_wconf 86' lang='lat' dir='ltr'><strong>quaein</strong></span> <span class='ocrx_word' id='word_1_261' title='bbox 1132 3629 1200 3675; x_wconf 48' lang='lat' dir='ltr'><strong>saw</strong></span> 
     </span>
     <span class='ocr_line' id='line_1_32' title="bbox 13 3719 1190 3806; baseline -0.008 -13"><span class='ocrx_word' id='word_1_262' title='bbox 13 3770 17 3777; x_wconf 93' lang='lat'><em>-</em></span> <span class='ocrx_word' id='word_1_263' title='bbox 61 3732 296 3794; x_wconf 79' lang='lat' dir='ltr'><strong>crementorum</strong></span> <span class='ocrx_word' id='word_1_264' title='bbox 315 3721 518 3806; x_wconf 89' lang='lat' dir='ltr'><strong>susceptione</strong></span> <span class='ocrx_word' id='word_1_265' title='bbox 529 3719 841 3785; x_wconf 87' lang='lat' dir='ltr'><strong>etadministratioirc</strong></span> <span class='ocrx_word' id='word_1_266' title='bbox 853 3720 960 3784; x_wconf 84' lang='lat' dir='ltr'><strong>surnnri</strong></span> <span class='ocrx_word' id='word_1_267' title='bbox 972 3728 1020 3782; x_wconf 87' lang='lat' dir='ltr'><strong>est</strong></span> <span class='ocrx_word' id='word_1_268' title='bbox 1031 3722 1190 3792; x_wconf 88' lang='lat' dir='ltr'><strong>momenti,</strong></span> 
     </span>
     <span class='ocr_line' id='line_1_33' title="bbox 63 3814 1191 3914; baseline -0.007 -16"><span class='ocrx_word' id='word_1_269' title='bbox 63 3833 281 3911; x_wconf 84' lang='lat' dir='ltr'><strong>obsecundat3</strong></span> <span class='ocrx_word' id='word_1_270' title='bbox 305 3814 423 3914; x_wconf 76' lang='lat' dir='ltr'><strong>&#39;conjux</strong></span> <span class='ocrx_word' id='word_1_271' title='bbox 448 3832 545 3914; x_wconf 82' lang='lat' dir='ltr'><strong>igitur</strong></span> <span class='ocrx_word' id='word_1_272' title='bbox 570 3828 639 3894; x_wconf 90' lang='lat' dir='ltr'><strong>talis</strong></span> <span class='ocrx_word' id='word_1_273' title='bbox 656 3827 706 3890; x_wconf 84' lang='lat' dir='ltr'><strong>&#39;ad</strong></span> <span class='ocrx_word' id='word_1_274' title='bbox 742 3829 927 3892; x_wconf 89' lang='lat' dir='ltr'><strong>matrimonii</strong></span> <span class='ocrx_word' id='word_1_275' title='bbox 955 3835 1191 3892; x_wconf 76' lang='lat' dir='ltr'><strong>&#39;sacramentum</strong></span> 
     </span>
    </p>
   </div>
   <div class='ocr_carea' id='block_1_7' title="bbox 62 3934 1297 4026">
    <p class='ocr_par' dir='ltr' id='par_1_7' title="bbox 62 3934 1297 4026">
     <span class='ocr_line' id='line_1_34' title="bbox 62 3934 1297 4026; baseline -0.006 -21"><span class='ocrx_word' id='word_1_276' title='bbox 62 3941 162 4026; x_wconf 76' lang='lat' dir='ltr'><strong>digne</strong></span> <span class='ocrx_word' id='word_1_277' title='bbox 178 3937 471 4022; x_wconf 87' lang='lat' dir='ltr'><strong>suscipiendumvol</strong></span> <span class='ocrx_word' id='word_1_278' title='bbox 483 3937 718 4008; x_wconf 86' lang='lat' dir='ltr'><strong>ministrandum</strong></span> <span class='ocrx_word' id='word_1_279' title='bbox 736 3936 798 4000; x_wconf 90' lang='lat' dir='ltr'><strong>rite</strong></span> <span class='ocrx_word' id='word_1_280' title='bbox 809 3934 981 4020; x_wconf 90' lang='lat' dir='ltr'><strong>dispositus</strong></span> <span class='ocrx_word' id='word_1_281' title='bbox 993 3952 1190 4019; x_wconf 86' lang='lat' dir='ltr'><strong>nequaquam</strong></span> <span class='ocrx_word' id='word_1_282' title='bbox 1295 3965 1297 3969; x_wconf 93' lang='lat'>·</span> 
     </span>
    </p>
   </div>
   <div class='ocr_carea' id='block_1_8' title="bbox 26 4034 1192 4347">
    <p class='ocr_par' dir='ltr' id='par_1_8' title="bbox 26 4034 1191 4347">
     <span class='ocr_line' id='line_1_35' title="bbox 26 4034 1191 4136; baseline -0.011 -19"><span class='ocrx_word' id='word_1_283' title='bbox 26 4041 30 4047; x_wconf 72' lang='grc'><strong>’</strong></span> <span class='ocrx_word' id='word_1_284' title='bbox 63 4034 204 4132; x_wconf 87' lang='lat' dir='ltr'><strong>reputari</strong></span> <span class='ocrx_word' id='word_1_285' title='bbox 220 4053 345 4134; x_wconf 87' lang='lat' dir='ltr'><strong>potest,</strong></span> <span class='ocrx_word' id='word_1_286' title='bbox 374 4045 598 4113; x_wconf 84' lang='lat' dir='ltr'><strong>beneficiorum</strong></span> <span class='ocrx_word' id='word_1_287' title='bbox 614 4045 766 4129; x_wconf 89' lang='lat' dir='ltr'><strong>proinde,</strong></span> <span class='ocrx_word' id='word_1_288' title='bbox 783 4063 864 4127; x_wconf 88' lang='lat' dir='ltr'><strong>quae</strong></span> <span class='ocrx_word' id='word_1_289' title='bbox 882 4062 950 4108; x_wconf 89' lang='lat' dir='ltr'><strong>cum</strong></span> <span class='ocrx_word' id='word_1_290' title='bbox 968 4042 1061 4127; x_wconf 81' lang='lat' dir='ltr'><strong>digna</strong></span> <span class='ocrx_word' id='word_1_291' title='bbox 1080 4061 1191 4136; x_wconf 84' lang='lat' dir='ltr'><strong>sacra·</strong></span> 
     </span>
     <span class='ocr_line' id='line_1_36' title="bbox 66 4151 1101 4240; baseline -0.009 -19"><span class='ocrx_word' id='word_1_292' title='bbox 66 4157 162 4222; x_wconf 88' lang='lat' dir='ltr'><strong>menti</strong></span> <span class='ocrx_word' id='word_1_293' title='bbox 179 4156 382 4240; x_wconf 87' lang='lat' dir='ltr'><strong>susceptione</strong></span> <span class='ocrx_word' id='word_1_294' title='bbox 394 4157 585 4239; x_wconf 79' lang='lat' dir='ltr'><strong>junguntur,</strong></span> <span class='ocrx_word' id='word_1_295' title='bbox 602 4172 658 4219; x_wconf 88' lang='lat' dir='ltr'><strong>sua</strong></span> <span class='ocrx_word' id='word_1_296' title='bbox 676 4173 712 4218; x_wconf 89' lang='lat' dir='ltr'><strong>se</strong></span> <span class='ocrx_word' id='word_1_297' title='bbox 729 4151 821 4238; x_wconf 88' lang='lat' dir='ltr'><strong>culpa</strong></span> <span class='ocrx_word' id='word_1_298' title='bbox 838 4153 915 4216; x_wconf 89' lang='lat' dir='ltr'><strong>lacit</strong></span> <span class='ocrx_word' id='word_1_299' title='bbox 931 4158 1101 4234; x_wconf 72' lang='lat' dir='ltr'><strong>expertem.</strong></span> 
     </span>
     <span class='ocr_line' id='line_1_37' title="bbox 157 4258 1192 4347; baseline -0.007 -18"><span class='ocrx_word' id='word_1_300' title='bbox 157 4263 244 4329; x_wconf 85' lang='lat' dir='ltr'><strong>Haec</strong></span> <span class='ocrx_word' id='word_1_301' title='bbox 260 4260 379 4327; x_wconf 87' lang='lat' dir='ltr'><strong>velot</strong></span> <span class='ocrx_word' id='word_1_302' title='bbox 371 4281 402 4327; x_wconf 93' lang='lat' dir='ltr'><strong>m</strong></span> <span class='ocrx_word' id='word_1_303' title='bbox 430 4260 605 4347; x_wconf 76' lang='lat' dir='ltr'><strong>praecipuis</strong></span> <span class='ocrx_word' id='word_1_304' title='bbox 622 4261 709 4328; x_wconf 86' lang='lat' dir='ltr'><strong>fidei</strong></span> <span class='ocrx_word' id='word_1_305' title='bbox 722 4269 851 4327; x_wconf 88' lang='lat' dir='ltr'><strong>nostrae</strong></span> <span class='ocrx_word' id='word_1_306' title='bbox 870 4260 1033 4344; x_wconf 90' lang='lat' dir='ltr'><strong>principiis</strong></span> <span class='ocrx_word' id='word_1_307' title='bbox 1050 4258 1192 4332; x_wconf 85' lang='lat' dir='ltr'><strong>tundata,</strong></span> 
     </span>
    </p>
   </div>
   <div class='ocr_carea' id='block_1_9' title="bbox 65 4366 1334 4455">
    <p class='ocr_par' dir='ltr' id='par_1_9' title="bbox 65 4366 1334 4455">
     <span class='ocr_line' id='line_1_38' title="bbox 65 4366 1334 4455; baseline -0.002 -23"><span class='ocrx_word' id='word_1_308' title='bbox 65 4368 158 4436; x_wconf 77' lang='lat' dir='ltr'><strong>vobis</strong></span> <span class='ocrx_word' id='word_1_309' title='bbox 175 4370 318 4436; x_wconf 81' lang='lat' dir='ltr'><strong>omnibus</strong></span> <span class='ocrx_word' id='word_1_310' title='bbox 334 4368 426 4455; x_wconf 87' lang='lat' dir='ltr'><strong>plana</strong></span> <span class='ocrx_word' id='word_1_311' title='bbox 442 4387 532 4440; x_wconf 85' lang='lat' dir='ltr'><strong>osse</strong></span> <span class='ocrx_word' id='word_1_312' title='bbox 560 4377 652 4453; x_wconf 89' lang='lat' dir='ltr'><strong>atque</strong></span> <span class='ocrx_word' id='word_1_313' title='bbox 670 4389 710 4434; x_wconf 88' lang='lat' dir='ltr'><strong>ex</strong></span> <span class='ocrx_word' id='word_1_314' title='bbox 726 4388 899 4433; x_wconf 82' lang='lat' dir='ltr'><strong>occasione</strong></span> <span class='ocrx_word' id='word_1_315' title='bbox 919 4371 1106 4440; x_wconf 89' lang='lat' dir='ltr'><strong>eventuum,</strong></span> <span class='ocrx_word' id='word_1_316' title='bbox 1140 4366 1193 4448; x_wconf 88' lang='lat' dir='ltr'><strong>qul</strong></span> <span class='ocrx_word' id='word_1_317' title='bbox 1241 4445 1245 4450; x_wconf 18' lang='grc' dir='ltr'>ι</span> <span class='ocrx_word' id='word_1_318' title='bbox 1297 4375 1334 4451; x_wconf 74' lang='grc' dir='ltr'> </span> 
     </span>
    </p>
   </div>
   <div class='ocr_carea' id='block_1_10' title="bbox 68 4460 1192 4656">
    <p class='ocr_par' dir='ltr' id='par_1_10' title="bbox 68 4460 1192 4656">
     <span class='ocr_line' id='line_1_39' title="bbox 68 4460 1192 4567; baseline -0.006 -22"><span class='ocrx_word' id='word_1_319' title='bbox 68 4477 130 4545; x_wconf 82' lang='lat' dir='ltr'><strong>bis</strong></span> <span class='ocrx_word' id='word_1_320' title='bbox 146 4460 340 4562; x_wconf 87' lang='lat' dir='ltr'><strong>temporibus</strong></span> <span class='ocrx_word' id='word_1_321' title='bbox 368 4477 406 4541; x_wconf 91' lang='lat' dir='ltr'><strong>ob</strong></span> <span class='ocrx_word' id='word_1_322' title='bbox 424 4476 537 4542; x_wconf 88' lang='lat' dir='ltr'><strong>hanc</strong></span> <span class='ocrx_word' id='word_1_323' title='bbox 530 4493 627 4560; x_wconf 85' lang='lat' dir='ltr'><strong>ipsam</strong></span> <span class='ocrx_word' id='word_1_324' title='bbox 645 4476 826 4543; x_wconf 83' lang='lat' dir='ltr'><strong>catholicae</strong></span> <span class='ocrx_word' id='word_1_325' title='bbox 844 4475 1000 4567; x_wconf 83' lang='lat' dir='ltr'><strong>ecclcsiae</strong></span> <span class='ocrx_word' id='word_1_326' title='bbox 1018 4474 1192 4541; x_wconf 88' lang='lat' dir='ltr'><strong>doctrinam</strong></span> 
     </span>
     <span class='ocr_line' id='line_1_40' title="bbox 920 4597 983 4656; baseline -0.032 0"><span class='ocrx_word' id='word_1_327' title='bbox 920 4599 953 4656; x_wconf 65' lang='lat' dir='ltr'><strong>it</strong></span> <span class='ocrx_word' id='word_1_328' title='bbox 965 4597 983 4636; x_wconf 72' lang='grc'><em>*</em></span> 
     </span>
    </p>
   </div>
   <div class='ocr_carea' id='block_1_11' title="bbox 0 0 1409 4852">
    <p class='ocr_par' dir='ltr' id='par_1_11' title="bbox 0 0 1409 4852">
     <span class='ocr_line' id='line_1_41' title="bbox 0 0 1409 4852; baseline 0 0"><span class='ocrx_word' id='word_1_329' title='bbox 0 0 1409 4852; x_wconf 95' lang='lat' dir='ltr'><strong> </strong></span> 
     </span>
    </p>
   </div>
  </div>
 </body>
</html>
