2798 4852
596 228 891 346 ztan·

144 476 176 532 et
192 467 321 532 scholas
337 466 494 531 violenter
518 473 690 547 occupant,
715 438 773 531 usu
799 430 1016 549 campanarum
1034 475 1067 533 et
1081 469 1267 559 coemeterii

144 583 292 651 arcent,
309 575 402 656 quive
432 574 595 657 religionis
619 581 734 638 statuta
760 575 791 637 in
817 575 925 639 iisdem
946 576 1099 641 cannitiis
1128 576 1264 649 condita,

142 681 409 762 praecedentibus
436 683 574 747 articulis
599 681 733 745 5—13.
767 683 991 766 comprehensa
1024 684 1141 749 violant
1163 685 1264 766 (quod

141 792 245 874 ipsum
270 790 394 856 articuli
426 791 478 854 14.
504 790 689 875 principium
715 791 801 856 clare
829 795 1050 867 remonstrat).
1072 791 1161 865 ,Quia
1188 809 1265 857 uero
1344 860 1349 866 ,
1386 844 1394 860 .

141 897 317 962 mixtorum
328 894 593 965 matrimoniorum
608 917 668 962 neo
684 900 715 963 in
733 906 791 962 art.
816 897 863 960 14.
880 917 939 963 nec
956 900 987 962 ic
1004 898 1265 983 praecedentibus
1344 982 1347 987 ¹

141 1005 307 1082 articulis,
334 1006 392 1070 sed
416 1025 475 1071 nec
500 1008 531 1071 in
558 1006 729 1089 Dtplomate
754 1006 874 1089 Regio,
901 1022 963 1088 quo
990 997 1079 1072 Pacis
1102 1007 1266 1073 Linoensis

141 1117 284 1182 Tabulae
312 1118 554 1193 confirmantur,
579 1118 641 1183 ulla
665 1118 698 1181 lit
724 1120 858 1196 mentio,
885 1121 1070 1184 erantcnim
1094 1110 1174 1186 haec
1190 1121 1265 1202 ipsis
1363 1158 1383 1206 3

141 1209 520 1291 Protcstantibusinvisa
547 1233 578 1290 et
603 1225 776 1291 canonibus
803 1246 912 1292 eorum
938 1227 1114 1311 prohibita,
1140 1227 1263 1303 sanctie

140 1333 287 1417 poenalis
304 1342 361 1398 art.
382 1334 441 1398 te:
469 1334 562 1401 tctt.
580 1333 707 1399 decreta
725 1336 763 1417 ad
781 1337 877 1399 mixta
894 1334 1090 1400 matrimonia·
1105 1334 1264 1400 eominus
1343 1376 1347 1383 -

141 1441 415 1524 extendi'potest,
433 1443 515 1525 quod
529 1443 584 1506 lex
600 1442 760 1535 posterior
777 1461 804 1507 a.
827 1440 944 1526 ¹⁷⁹⁰l1·
970 1427 1263 1525 sanctionem'poee
1355 1464 1360 1471 ·

99 1536 108 1574 ³
139 1549 245 1613 nalem
263 1535 403 1633 ad'solas
421 1547 572 1631 violentas
600 1551 822 1632 occupationes
845 1550 1031 1628 temptorum
1047 1551 1263 1639 restrinxerit,
1307 1584 1323 1624 ,-

143 1657 278 1720 undeet
302 1677 358 1739 per
374 1644 543 1740 benignam
560 1657 731 1722 Maiestatis
752 1657 872 1741 Regiae
889 1656 1124 1722 Resolutioncm
1142 1657 1192 1720 dd·
1211 1657 1263 1720 14.
1336 1686 1351 1721 ·.

104 1862 107 1870 Ι
143 1747 276 1829 ianuar.
305 1764 401 1851 1820.
427 1765 491 1831 Nro
517 1766 595 1828 625.
622 1764 735 1829 editam
762 1773 891 1830 tonores
918 1771 977 1829 art.
1007 1763 1067 1827 tt:
1093 1761 1190 1828 1647.
1225 1765 1263 1828 ad

140 1888 238 1936 casus
265 1879 384 1937 tautum
409 1874 594 1937 turbationis
619 1872 930 1955 usustctnplorum,
962 1872 1197 1953 parochiarum,
1231 1879 1264 1965 et

139 1978 320 2043 scholarum
347 1997 403 2062 per
428 1977 577 2043 disertum
605 1980 857 2062 restringuntur,
883 1986 1050 2062 eapropter
1061 1982 1263 2043 sanctionem
1298 2008 1329 2079 Ιι
1369 2017 1373 2029 ·

138 2086 246 2164 illam,
264 2084 353 2166 quain
371 2086 528 2169 legislatio
545 2083 749 2168 ἤμεε-17901..
767 2085 805 2149 ad
822 2085 923 2150 selum
940 2091 971 2160 ς.
990 2086 1042 2148 ta.
1060 2093 1121 2149 art.
1137 2086 1187 2148 16.
1204 2105 1261 2150 re-

138 2194 332 2278 strinxerat,
358 2188 398 2254 ad
424 2193 504 2256 alies
530 2191 669 2257 eiusdem
696 2192 819 2258 articuli
842 2199 896 2268 55.
924 2199 956 2254 et
973 2194 1139 2277 signanter
1155 2198 1185 2267 §.
1212 2192 1262 2256 ts.
1308 2179 1313 2185 ’
1378 2213 1385 2272 ;

138 2301 319 2365 extendere
336 2300 449 2364 nemini
465 2303 622 2385 integrum
639 2308 688 2363 est
698 2321 707 2379 3
725 2309 943 2383 praeterquam
955 2300 1036 2365 enim
1053 2301 1136 2381 quod
1154 2305 1262 2366 omnes
1378 2346 1385 2393 5

138 2408 232 2493 leges
249 2408 399 2492 poenales
416 2410 635 2473 strictissimae
654 2410 718 2473 sint
734 2409 1020 2491 interpretationis,
1038 2414 1173 2473 cunctae
1191 2411 1260 2473 eius
1357 2420 1366 2478 J

138 2518 273 2600 generis
289 2514 493 2579 Comitatuum
510 2502 790 2580 determinationes
807 2525 839 2581 et
855 2521 987 2598 statuta,
1010 2515 1124 2597 'quibus
1142 2515 1279 2585 sanctie.

137 2623 192 2687 illa
220 2621 363 2704 poenalis
388 2623 428 2686 ad
454 2623 548 2688 mixta
574 2623 767 2688 matrimonia
795 2620 996 2698 extenditur,
1022 2629 1094 2687 sunt
1115 2621 1147 2686 in
1164 2640 1261 2687 sensu
1306 2696 1312 2705 g
1368 2682 1387 2698 ,.

139 2739 199 2795 art.
222 2730 281 2793 18:
311 2727 406 2794 1635.
424 2737 454 2794 et
471 2730 554 2812 Trip.
572 2729 652 2794 Prot,
670 2723 726 2794 tit.
744 2730 872 2815 baana
888 2737 922 2794 et
937 2731 1036 2803 irrita,

219 2839 468 2905 Pracreeensita
486 2845 640 2903 momenta
652 2838 730 2902 satis
747 2838 939 2904 luculentum
955 2836 1108 2902 reddunt:
1127 2844 1264 2903 erectam

138 2952 253 3013 contra
281 2941 844 3028 saepefatumParocbumAetiencm
856 2943 938 3009 omni
955 2942 1052 3026 legali
1063 2945 1272 3028 fundamento»
1311 2931 1314 2935 ’
1343 2950 1350 2959 ’

137 3052 287 3126 destitui,
314 3053 511 3136 tribunalque
537 3052 632 3125 illud,
661 3071 767 3116 coram
794 3071 856 3134 que
882 3052 965 3115 idern
982 3059 1067 3115 stare
1083 3054 1260 3125 iubebatur,
1304 3086 1334 3111 .—

137 3181 217 3226 csse
233 3158 362 3243 illegale
379 3167 410 3223 et
425 3161 660 3242 incompetens;
687 3176 792 3222 coram
817 3175 879 3243 quc
897 3157 979 3221 latus
995 3157 1152 3222 Parocbus
1170 3162 1260 3221 com'-
1311 3184 1321 3209 ·.
1388 3154 1391 3159 '

136 3255 254 3353 parere
271 3267 393 3350 quidem
412 3269 664 3346 contenebatur,
682 3265 718 3329 ad
737 3265 911 3332 evitandam
928 3273 1030 3328 tamen
1047 3267 1262 3328 contumaciae
1358 3304 1363 3311 ,

137 3394 272 3461 poenam
298 3376 402 3439 medio
430 3375 593 3438 constituti
622 3365 914 3467 Procuraterislsui
941 3391 1009 3438 cum
1031 3372 1286 3469 protestatione!
1332 3362 1375 3452 ’,ᾗ

137 3484 333 3567 comparuit,
360 3491 392 3545 et
420 3490 529 3547 contra
555 3484 816 3564 incompetentem
844 3489 875 3546 et
899 3479 1059 3566 illegalem
1084 3479 1263 3545 iudicatum

138 3594 278 3673 excepit.
1095 3652 1098 3656 ,

230 3700 405 3785 llomagiali
440 3719 510 3764 curn
546 3698 742 3781 subiectione
776 3697 978 3762 fundamento
1017 3696 1262 3780 praemissorum

134 3807 333 3872 Maiestatem
351 3808 442 3870 Vram
459 3807 580 3872 SStnam
593 3808 693 3871 enixis
709 3798 951 3887 humillimisque
963 3786 1111 3887 precibus
1123 3821 1261 3868 exorare

134 3917 301 3990 sustineo,
328 3924 361 3979 ut
385 3934 442 3999 pro
468 3933 617 4000 suprema
645 3913 911 3980 administrandae
936 3913 1074 3976 iustitiae
1091 3917 1273 3992 potestate,
1324 3992 1329 3998 ⁴
1380 3994 1383 3998 ἡ

113 4034 230 4106 ‘quam
247 4023 336 4108 leges
353 4027 471 4107 patriae
483 4025 565 4088 l‘art.
577 4024 608 4088 2.
622 4027 663 4087 tit.
677 4024 708 4087 3.
720 4023 818 4087 Andr.
836 4023 930 4086 Dect.
951 4019 1050 4083 1222:
1067 4017 1099 4087 ,8.
1112 4025 1143 4081 et
1155 4016 1238 4079 1715
1254 4039 1262 4079 :

117 4116 170 4211 ’7,
189 4130 382 4207 decernunt,
409 4149 532 4215 proque·
547 4131 731 4216 Apostolico
758 4131 859 4213 Regio
880 4131 949 4193 iura
968 4133 998 4189 et
1013 4125 1178 4189 libertates
1195 4122 1260 4187 ltc-

131 4240 304 4306 clcsiarum
322 4240 438 4304 tutandi
464 4248 495 4302 et
511 4239 720 4304 conservandi
748 4245 886 4320 augusto
904 4250 1032 4299 munera
1048 4233 1141 4295 toties
1162 4231 1259 4296 latum
1317 4283 1319 4289 .

131 4338 311 4415 Parocbum
330 4350 569 4413 Cassovienscm
587 4350 624 4411 ab
642 4347 762 4431 illegali
778 4345 862 4409 Fisci
883 4338 1269 4437 blagistratualisperse·⁸
1324 4381 1326 4385 -

129 4456 263 4526 cutione
282 4455 525 4525 clementissime
541 4456 706 4532 relevare,
732 4455 972 4551 suscitatamque
998 4455 1108 4518 eontra
1126 4447 1259 4517 eundern
1339 4544 1350 4551 α
