2798 4852
588 261 834 349 ..501-

137 453 257 519 l'aotum
275 461 353 530 erut,
370 473 492 517 exnunc
511 456 606 518 totius
622 457 681 522 iarn
698 457 874 522 Sacerdotii
890 457 1060 541 Hungari'ci
1083 460 1266 526 conclusum

136 563 289 627 evaserit.
314 560 352 635 *J
376 561 410 626 ln
430 561 491 626 boc
507 565 554 626 rei
570 565 650 636 situ,
677 565 862 644 praesertim
887 573 1051 646 postquam
1066 567 1125 629 snb
1144 569 1264 646 priori-

135 668 196 743 bus
222 668 362 732 Comitiis
383 686 445 734 non
470 669 616 733 obstante
641 669 779 751 longiori
806 675 997 753 quaestionis
1023 674 1111 737 istius
1138 666 1265 753 discns-
1356 717 1364 728 .

83 823 85 826 .
136 775 330 839 sionenulla
356 775 465 857 legalis
490 777 633 854 provisio
666 777 734 840 lieri
760 780 877 857 potuit,
905 778 1016 842 Clerns
1046 797 1122 843 vero
1148 780 1264 844 Catho-

136 880 218 944 licus
243 899 307 947 non
333 891 451 947 tantum
483 866 592 949 solitos
619 903 729 949 sacros
760 886 840 951 ritus
871 889 915 948 in·
934 885 1148 953 celebratione
1172 895 1261 951 matr.

136 989 305 1053 mixtorum
341 990 427 1072 prius
469 991 621 1056 adhibitos
657 994 830 1067 subtraxit,
866 993 922 1057 sed
947 1002 979 1059 et
1004 994 1112 1058 eadem
1140 996 1263 1076 saepius

136 1095 272 1177 positive
307 1097 488 1179 impedivit,
522 1105 573 1164 aut
604 1101 696 1164 modo
729 1103 799 1173 tali,
827 1105 879 1181 qui
904 1101 1086 1165 scandalum
1115 1100 1262 1184 praebet,

137 1203 253 1269 iisdem
286 1203 424 1270 adstitit:
455 1205 697 1273 iurisdictiones
722 1188 834 1290 partim
852 1229 912 1291 ope
928 1209 1263 1290 Repraesentationum

132 1312 176 1375 ad
192 1312 383 1378 Maiestatem
404 1316 497 1379 Vram
515 1316 722 1388 directarum,
740 1318 850 1398 partim
866 1335 923 1398 per
941 1317 1183 1407 applicationem
1199 1324 1258 1378 art.

141 1417 214 1482 tt:-
240 1418 333 1491 1647,-
360 1423 469 1503 partim
495 1422 564 1485 aliis
581 1424 912 1511 provisionibusmalo
940 1424 1063 1489 obviarn
1095 1426 1142 1486 iro
1173 1429 1261 1484 sata-

135 1528 266 1609 gebant.
291 1527 352 1591 Sed
369 1537 501 1593 conatus
518 1530 640 1593 illarum
658 1530 769 1594 ellectu
786 1531 931 1595 frustrati
948 1538 1019 1592 sunt
1029 1551 1045 1606 ;.
1062 1547 1131 1593 narn
1149 1529 1184 1590 ad
1204 1546 1259 1592 re·

133 1635 250 1716 petitas
267 1633 342 1696 licet
357 1634 674 1714 Repraesentationes
701 1636 817 1698 nullum
835 1636 936 1699 datum
962 1651 1159 1714 responsum;
1180 1651 1257 1713 pro·

133 1754 249 1803 cessus
276 1740 477 1804 fundamento
505 1743 625 1806 articuli
647 1744 704 1805 14:
731 1743 825 1805 1647.
847 1745 947 1805 erecti
963 1761 1019 1822 per
1036 1740 1259 1803 Cancellariam
1357 1816 1366 1841 κ

132 1844 228 1909 ΒΗΑ.
255 1846 292 1907 ad
319 1846 420 1910 locum
447 1847 628 1910 altissimum
655 1848 791 1911 submitti
816 1847 892 1910 iussi
917 1847 989 1909 inde
1006 1847 1090 1909 haud
1115 1845 1237 1908 remissi
1247 1867 1256 1921 3
1371 1912 1377 1928 ,

132 1951 217 2015 aliae
233 1952 353 2015 demum
370 1955 567 2034 provisiones
585 1972 642 2032 por
658 1954 801 2016 Mandata
820 1954 968 2017 altissima
993 1958 1136 2025 cassatae
1154 1952 1257 2011 exsti-

132 2065 241 2121 terunt
251 2081 260 2137 3
277 2059 337 2123 imo
353 2069 553 2143 posteaquam
571 2061 672 2122 Breve
689 2061 818 2124 Romani
835 2059 1000 2123 Porrlilicis.
1019 2056 1068 2132 dd.
1083 2054 1135 2117 30.
1156 2055 1255 2137 april.

135 2164 234 2236 1841,
252 2165 398 2229 Maiestas
414 2167 476 2230 Vra
494 2168 550 2230 sub
563 2163 657 2232 (1.12.
676 2166 804 2229 Octobr.
816 2187 842 2229 e.
857 2186 884 2230 a.
903 2167 995 2229 solito
1014 2165 1139 2228 Placelo
1156 2163 1255 2239 Regio

133 2270 329 2346 munivisset,
342 2274 459 2337 Prinas
478 2273 578 2356 Regni
590 2282 714 2357 arrepta
725 2275 798 2338 bino
809 2276 989 2351 occasione,
1006 2290 1117 2335 novam
1135 2270 1186 2334 dd.
1206 2269 1259 2331 18,

132 2377 302 2443 Novembr.
323 2400 350 2443 e.
369 2400 396 2442 a.
415 2381 514 2443 edidit
530 2360 736 2462 Encyclioam,
754 2385 782 2444 in
800 2399 858 2461 qua
875 2380 913 2444 de
930 2377 1137 2443 matrimoniis
1155 2378 1257 2439 mixtis
1318 2390 1322 2398 ’

130 2486 195 2547 iarn
211 2503 273 2549 non
284 2487 383 2575 solum
397 2489 437 2561 td,
449 2488 532 2567 quod
544 2507 579 2551 ea
591 2489 751 2569 principiis
761 2489 925 2551 Ecclesiae
938 2488 1020 2551 nath.
1035 2486 1254 2552 adversentur,

132 2591 192 2654 sed
216 2593 309 2674 plane
334 2594 393 2656 lroc
420 2593 615 2668 declaratur,
640 2594 724 2674 qnod
752 2595 947 2657 matrimonia
976 2594 1055 2655 haee
1072 2607 1178 2653 coram
1196 2589 1256 2651 Mi·
1340 2650 1343 2655 .

130 2699 234 2762 nistro
266 2672 439 2763 acatholico
471 2703 590 2782 absque
617 2699 765 2763 scandalo
787 2701 947 2764 conciliari
966 2717 1026 2762 non
1046 2691 1255 2779 possint.**)
1362 2776 1364 2782 ἲ

224 2805 373 2871 Nolumus
390 2809 532 2888 equidem
550 2825 607 2872 nos
632 2809 664 2871 in
681 2809 887 2890 dogmaticam
905 2805 1130 2883 discussionem
1148 2802 1256 2882 Ency-

132 2911 283 2977 clientum
300 2913 406 2977 barum
419 2916 700 2995 etdispositionurn
719 2914 965 2987 Praesulearnm,
984 2917 1072 2974 extra
1090 2911 1256 2990 sphaeram

132 3016 273 3098 alioquin
299 3018 521 3102 Legislationis
548 3018 697 3081 Politicae
723 3020 855 3097 positam
890 3019 1067 3079 immittere.
1102 3001 1256 3095 <Cogimur

131 3127 421 3194 tamenex'obtutu
447 3126 612 3207 potcstatis
638 3120 835 3203 legislativne
860 3129 968 3184 contra
994 3137 1048 3182 cas
1066 3137 1179 3181 vocem
1196 3135 1256 3179 no·

134 3238 231 3293 stram
249 3232 412 3295 attollere:
439 3249 506 3293 narn
524 3232 702 3295 memoratis
728 3227 904 3308 Encyclicts
931 3233 962 3289 et
980 3225 1103 3308 legem,
1130 3225 1256 3304 legique

133 3335 267 3401 debitara
280 3339 516 3400 venerationem
527 3336 647 3407 violari,
665 3342 696 3397 et
712 3336 865 3397 internam
877 3329 1130 3411 tranquillitatem
1142 3326 1254 3390 civium

134 3443 323 3524 perturbari,
342 3452 374 3506 et
390 3443 629 3523 religiositatem
646 3439 914 3520 moralitatemque
931 3437 1037 3519 populi
1053 3433 1256 3508 labefactari3

134 3549 307 3613 Maiestatis
339 3566 415 3613 vero
441 3550 523 3612 Vrae
556 3548 812 3628 dispositionibus
838 3551 909 3625 post
941 3542 1096 3606 conclusa>
1115 3538 1256 3619 proxima

129 3657 264 3721 domitia
290 3660 494 3730 interventis,
521 3657 680 3738 signanter
697 3654 812 3715 Placeti
837 3652 927 3734 Regii
943 3650 983 3713 ad
1004 3647 1105 3711 Breve
1125 3645 1254 3708 Pontifi-

129 3765 216 3827 oium
248 3766 432 3828 accessione
464 3781 656 3844 gravamen.
688 3760 862 3840 vulnusque
892 3755 1016 3839 legibus
1050 3755 1099 3816 12.
1133 3761 1164 3817 et
1195 3751 1252 3812 26:

136 3867 257 3948 179⁰s1·
275 3871 421 3934 indictum
440 3887 528 3941 esse,
546 3866 819 3948 deprehendimus.

223 3978 289 4039 Lex
315 3977 455 4043 nimirum
482 3975 545 4037 26:
575 3971 695 4052 ¹79⁰l'1·
719 3973 845 4034 statuit:
870 3954 914 4033 ut
932 3975 1018 4033 matr·
1047 3968 1152 4031 mixtis
1173 3964 1254 4025 nullo
1301 3972 1304 3976 ’

131 4086 190 4149 sub
208 4091 374 4166 praetextu
390 4082 605 4163 impedimenta
622 4086 787 4160 ponantur,
806 4087 869 4141 tum
888 4085 971 4148 ntea
990 4091 1093 4138 coram
1110 4071 1254 4152 parochis

242 4309 275 4376 *)
288 4312 345 4364 uid.
360 4312 426 4363 Tom.
442 4313 468 4361 2.
482 4309 548 4361 Mon.
568 4310 629 4360 373.
639 4325 699 4376 paq.
714 4309 772 4359 720.

193 4395 196 4401 ⁵
243 4417 294 4483 Ι*1)
309 4416 349 4470 Gi.
365 4417 431 4470 Toou.
442 4420 466 4470 2.
483 4416 547 4470 Mon.
563 4417 623 4468 107,
636 4432 696 4484 paq.
710 4414 773 4466 821.
