2798 4852
495 292 506 380 g
597 269 828 342 -rar-

148 463 322 528 Ministrum
340 463 488 537 insinuet,
501 463 538 525 ab
551 464 660 526 eodem
671 465 897 530 testimoniales
915 480 1008 545 super
1024 452 1115 527 iactis
1131 460 1275 543 promul·
1300 491 1317 497 ··

144 571 342 653 gationibus,
357 577 502 652 statuque
514 567 678 653 libertatis,
691 580 721 635 et
731 574 921 637 immunitate
933 575 970 635 ab
983 571 1126 634 omnihus
1137 570 1272 652 impedi-

141 673 258 742 mentis
271 677 416 742 exhibeat
427 700 435 755 ;
464 696 526 741 una
548 681 678 742 eundem
690 680 954 761 proincumbentc
966 695 1093 742 munere
1109 676 1271 758 pastorali,

136 786 216 868 lege
236 805 361 872 quoquc
373 786 472 867 patria
490 787 520 849 id
532 789 744 866 permittento,
761 788 931 868 propositis
943 767 1093 868 congruis
1106 785 1270 849 momentis
1294 836 1304 849 .

136 902 387 976 provocaverat,
407 903 440 955 ut
462 895 500 957 ad
522 894 705 958 catholicam
717 896 853 977 prolium
868 898 1032 975 utriusque
1044 908 1138 954 sexus
1150 888 1269 952 educa·
1334 957 1337 966 ,

136 986 261 1048 tionem
277 1000 438 1047 assensum
460 1001 548 1048 suum
574 992 684 1067 sponte
711 987 857 1067 ultroque
874 985 1028 1069 praebere
1046 982 1157 1058 vellet3
1180 998 1268 1060 quem
1292 1066 1300 1081 ι
1383 1066 1386 1073 ³

136 1091 1065 1172 cumidcmpraeberedetrectarat,eidemdeclaraverat,se
1077 1094 1204 1172 propter
1216 1086 1271 1149 de·

134 1185 1272 1285 negatumincatholicamproliumeducationemassensummatrimoniali

133 1301 286 1368 eiusdem
299 1289 514 1375 coniunctioni
532 1305 647 1369 nullum
663 1307 911 1390 impedimentum
923 1324 1044 1390 ponere
1061 1303 1156 1381 velle,
1175 1308 1269 1383 atque

133 1413 343 1493 reprodnctis
360 1413 520 1494 requisitis
531 1416 800 1488 testimonialibus,
812 1414 1033 1498 praestitisque
1044 1432 1061 1475 e
1072 1417 1161 1494 parte
1173 1426 1266 1487 spon-

133 1537 197 1583 sae
215 1520 414 1602 praestandis
434 1532 469 1582 se
490 1539 596 1585 eorum
617 1524 813 1613 matrimonio
834 1522 865 1585 in
885 1526 933 1586 sui
952 1533 983 1586 et
999 1521 1129 1586 duorum
1145 1515 1268 1584 testium
1320 1549 1328 1595 .·

123 1618 1267 1716 'praescntiatnccmoparochialidecentiqnctocoincunuoadstiturum,
1334 1622 1352 1705 ,’

130 1736 201 1799 ¹sibi
230 1743 351 1808 tamen,
384 1743 549 1817 postquam
575 1738 613 1799 de
641 1726 796 1803 catholica
822 1741 954 1820 prolium
987 1743 1150 1824 utriusque
1176 1763 1273 1809 sexus
1310 1750 1335 1829 j
1369 1787 1373 1794 ι

133 1831 331 1907 educatione
347 1849 635 1923 cautum-nonest,
657 1847 813 1927 integrum
830 1864 893 1910 non
910 1865 1007 1921 esse,
1024 1855 1056 1911 ut
1073 1848 1270 1916 benedictio·
1375 1842 1378 1849 ’

133 1968 216 2014 nem
234 1953 394 2014 consvetis
412 1969 479 2012 cum
497 1952 611 2015 ritibus
628 1953 728 2015 sacris
746 1956 776 2016 in
794 1952 937 2016 Ecclesia
960 1956 1164 2033 impertiatur.
1195 1959 1264 2023 Non
1302 2019 1307 2025 .

127 2060 281 2126 ‚alienum
298 2058 323 2119 is
341 2075 376 2120 se
394 2060 589 2122 exhibuisset
606 2060 643 2120 ab
661 2058 798 2122 ineundo
816 2077 912 2142 penes
930 2061 1140 2124 assistentiam
1156 2067 1263 2142 passi·
1289 2082 1305 2113 -·
1336 2089 1340 2095 ·

132 2154 209 2230 vam
227 2167 306 2229 citra
322 2165 552 2228 benedictionis
571 2166 779 2229 sacerdotalis
801 2166 1043 2248 impertitionem
1060 2171 1264 2240 matrimonio,

133 2277 164 2338 si
183 2288 332 2356 sponsam
359 2274 417 2336 iam
435 2256 489 2353 per
507 2292 542 2337 se
560 2274 741 2337 defloratam
758 2292 813 2354 per
830 2281 937 2337 verum
954 2260 986 2339 ct
1011 2274 1180 2356 legitimum
1198 2293 1266 2337 ma-

134 2381 338 2458 trimonium,
365 2384 456 2461 quale
473 2382 547 2445 illud
567 2400 691 2463 quoque
708 2390 776 2460 est,
802 2382 885 2462 quod
903 2370 971 2467 cum
989 2385 1170 2447 assistentia
1188 2402 1264 2466 pas-

133 2491 208 2552 siva
226 2491 339 2565 initur,
367 2488 596 2553 cohonestandi
621 2490 736 2552 firmam
754 2489 915 2553 habuisset
927 2489 1142 2569 voluntatem,
1167 2498 1220 2554 aut
1235 2495 1260 2553 si

132 2597 276 2678 propriis
293 2599 384 2660 nixus
401 2596 515 2660 luisset
532 2596 681 2678 pedibas3
700 2602 748 2657 ast
765 2597 803 2658 ab
820 2595 858 2658 iis
876 2592 1064 2676 cumprimis,
1083 2599 1135 2677 qui
1152 2605 1261 2661 contra

117 2704 244 2792 ¹editas
267 2703 298 2765 in
324 2721 420 2767 causa
447 2707 613 2768 mixtorum
629 2771 634 2779 ⁸
650 2703 915 2768 matrimoniorum
949 2704 1134 2784 Encvolicas
1167 2706 1263 2767 aciem

126 2825 227 2875 'suam
244 2812 445 2884 instruebant,
464 2815 557 2893 quive
574 2829 681 2875 casum
698 2811 868 2892 specialem
884 2817 1021 2893 negatae
1037 2807 1267 2895 benedictionis

119 2921 169 2987 ,in
206 2918 387 2981 imminente
409 2917 564 2982 -Generali
604 2914 1044 3001 Congregationepublicae
1076 2918 1265 2997 discussioni

134 3004 253 3090 subiici
269 3027 436 3113 optabant,
462 3004 712 3097 circumventus,
739 3024 849 3086 horum
866 3024 1007 3087 consiliis
1024 3023 1111 3088 velut
1130 3024 1265 3088 llahellis

133 3133 325 3214 quibusdam
342 3135 477 3216 agitatus
496 3132 685 3195 declaravit:
710 3147 744 3209 sa
761 3129 941 3203 reversales
960 3127 1171 3217 de'catholica
1188 3150 1264 3213 pro·
1298 3156 1305 3166 ,

125 3242 212 3305 'lium
229 3240 416 3304 educatione
434 3239 515 3303 haud
533 3240 695 3312 daturum,
713 3236 874 3321 postulare
891 3244 1006 3310 tamen,
1024 3243 1058 3299 ut
1075 3238 1267 3301 connubium
1294 3272 1297 3278 «
1353 3261 1375 3320 .'

133 3362 228 3416 suum
243 3344 360 3412 usitato
377 3353 468 3410 antea
484 3346 548 3409 ritu
565 3346 597 3409 in
613 3345 757 3407 Ecclesia
773 3343 987 3417 benedicatur,
1005 3361 1110 3424 neque
1127 3342 1209 3406 enim
1228 3361 1264 3406 se
1290 3337 1293 3341 ’
1330 3344 1335 3353 ’
1373 3362 1376 3381 ’

136 3456 368 3520 matrimonium
394 3454 482 3517 eitra.
499 3452 686 3534 impertitam
699 3455 734 3522 iu
757 3447 900 3515 Ecclesia
917 3448 1167 3514 benedictionem
1185 3451 1281 3513 inire·
1315 3526 1319 3532 .

134 3566 241 3642 velle3
266 3576 356 3645 quam
380 3563 639 3626 benedictionem.
661 3581 729 3624 cum
756 3561 788 3623 in
806 3576 903 3623 sensu
927 3560 1142 3641 praescriptae
1160 3557 1262 3622 medio

135 3670 377 3751 Eucyclioarum
394 3687 525 3755 normae
541 3669 708 3749 impetrare
725 3665 878 3748 nequiret,
895 3669 964 3731 iure
982 3667 1167 3747 ceteroquin
1176 3664 1260 3728 'ean-

133 3781 211 3842 dem
229 3777 458 3860 praetendendi
475 3775 664 3840 destitutus:
690 3775 888 3857 querulosum
907 3773 1091 3836 commentis
1109 3779 1140 3834 et
1156 3779 1266 3836 contu-

135 3887 243 3950 meliis
259 3884 384 3966 plenum
400 3902 564 3948 recursum
587 3883 690 3947 Subst.
713 3881 926 3964 Vice-Comiti
944 3879 1103 3944 exhibuit:
1130 3878 1267 3960 quicum

137 3986 341 4058 in‘Generali
360 3993 614 4076 congregatione
639 3988 1092 4071 pertractaretur„Parochus
1107 3988 1139 4049 in
1155 3983 1264 4047 eadem
1332 4068 1335 4075 Α
1369 4053 1373 4064 Ι

121 4088 402 4182 ‘congregatione
420 4117 572 4182 praesens
588 4099 682 4172 iacti,
700 4105 732 4160 ut
750 4103 920 4171 evenerat,
939 4097 1054 4158 sericm
1071 4090 1264 4169 enarrando,
1287 4135 1290 4145 .

133 4207 396 4292 qiaerulantisque
423 4206 640 4289 expositiones
665 4201 739 4269 falsi
760 4193 1000 4285 redarguendo,
1026 4193 1291 4263 remonstrare·
1321 4256 1324 4260 .

113 4380 123 4405 ,
132 4325 189 4383 rat
214 4335 249 4382 se
264 4316 378 4378 trullum
404 4315 601 4380 matrimonio
629 4314 819 4396 querulantis
836 4309 1089 4392 impedimentum
1105 4308 1264 4389 posuisse,

128 4418 375 4514 *declaravitque
402 4440 436 4495 se
463 4412 703 4513 omnitempore
728 4416 908 4495 (dummodo
934 4417 1021 4498 prius
1038 4435 1095 4491 ea,
1122 4411 1258 4494 quaeda

995 4538 1058 4591 20*
