2798 4852
623 250 828 326 ..aa..

168 656 374 736 Rescriptum
398 654 568 715 llllulsleril
590 634 704 713 cultus
730 626 773 729 ud
793 655 991 731 hlplseopuru
1016 650 1292 714 Podluchleuserrr

170 750 201 808 lu
222 750 338 808 merlto
370 746 553 821 prohlbltae
582 762 642 820 per
664 744 901 804 vonslstorlum
934 742 1180 821 heuodlctlouls¹
1199 741 1289 802 malr.

453 837 639 904 mixtorum,
662 834 714 891 dd.
736 832 764 891 a.
789 832 882 894 Mart.
905 832 994 893 1882.

4 1010 8 1021 ·
92 974 96 989 ¹
153 968 157 973 ¹
256 982 544 1074 Digneturlllustr.
561 986 734 1070 Episcopus
751 986 936 1069 diligentem
963 948 1129 1051 advertere
1157 984 1285 1048 animum

170 1097 208 1168 ud
224 1114 302 1178 rem,
320 1114 399 1180 quae
416 1093 490 1160 licet
506 1114 546 1159 ex
563 1112 598 1160 se
614 1095 702 1177 parvi
720 1092 948 1176 adpendens,
970 1092 1169 1160 tristissimos
1187 1098 1281 1157 tamen

171 1204 303 1271 enectus
328 1202 505 1291 producere
530 1201 622 1268 valet.
656 1202 884 1268 consistorium
909 1198 1138 1269 Podlachieuse
1155 1196 1278 1266 saucivit

172 1314 275 1383 edicto
291 1311 356 1377 diei
370 1309 427 1376 27.
444 1312 538 1376 Febr.
559 1308 653 1374 1830.
673 1309 710 1374 ad
729 1328 838 1376 omnes
856 1308 1014 1375 Perochos
1036 1310 1230 1387 transmisso,
1242 1324 1282 1373 ne

171 1418 270 1489 banna
286 1419 544 1505 promulgentur,
566 1420 626 1483 nisi
643 1424 777 1503 uterque
795 1436 929 1502 sponsus
946 1419 1131 1487 catholicam
1148 1416 1291 1501 Religio-

170 1546 240 1597 nem
257 1528 446 1612 prohteatur.
464 1526 569 1611 Nuper
585 1526 635 1591 die
653 1526 706 1590 25.
724 1527 815 1592 Febr.
836 1546 864 1591 a.
882 1549 910 1593 c.
937 1528 1077 1594 Parocho
1093 1524 1282 1593 Siedleoensi

171 1654 306 1723 sponsos
334 1670 372 1682 -
400 1634 597 1701 matrimonio
623 1633 772 1717 copulare
797 1635 957 1723 prohibuit
982 1636 1062 1700 hane
1089 1635 1130 1700 ob
1156 1648 1278 1707 mnsam,

172 1744 255 1831 qued
271 1760 388 1831 sponsa
415 1739 621 1828 evangelicae
649 1748 736 1807 esset
761 1742 982 1809 confessionis.
1013 1741 1092 1808 Puto
1109 1756 1273 1824 suprame-

173 1860 292 1918 morata
309 1850 411 1917 edicta
429 1850 530 1917 inscio
548 1848 662 1915 llluslr.
680 1849 843 1938 Episcopo
867 1851 952 1916 edita
977 1850 1088 1917 luisse.
1115 1848 1184 1915 Noa
1207 1848 1271 1913 anim

172 1962 248 2029 Eum
265 1960 365 2046 lugit,
390 1959 543 2025 eiusmodi
559 1959 753 2026 matrimonia
769 1962 838 2025 iure
855 1960 939 2025 civili
956 1979 1019 2026 non
1037 1977 1109 2024 esse
1125 1954 1268 2043 prohibita

173 2074 244 2156 quin
261 2071 322 2134 imo
339 2073 406 2135 rata
424 2067 582 2143 arbeita,
610 2076 702 2153 atque
728 2067 845 2133 similes
863 2084 955 2133 casus
982 2065 1090 2132 abillo
1108 2082 1178 2131 esse
1193 2078 1267 2149 prte-

173 2180 270 2245 visos.
289 2176 623 2253 JusEcolesiasticum,
641 2177 671 2240 in
688 2184 836 2260 quantum
851 2175 943 2242 huius
955 2178 1002 2245 rei
1018 2174 1160 2240 notitiam
1177 2180 1267 2253 capere

172 2286 287 2367 studui,
304 2285 355 2351 illa
370 2286 490 2368 pariter
508 2302 569 2350 non
586 2266 743 2369 prohibet.
761 2284 847 2350 Bulla
863 2285 933 2367 piae
951 2283 1124 2349 memoriae
1132 2272 1267 2347 seneroti

173 2392 254 2458 xlv.
279 2391 520 2477 ‚,hlalrimonia“
546 2390 800 2458 dedication.
827 2390 921 2457 1641.
947 2389 1145 2457 commendat
1168 2382 1268 2474 quibu

173 2501 327 2583 Episcopo
345 2506 375 2563 et
391 2496 551 2579 Parochis,
569 2506 603 2565 ut
620 2501 763 2566 omnibus
781 2498 879 2567 modis
898 2500 1079 2566 catholicos
1096 2518 1113 2563 a
1131 2496 1274 2564 mannua.

174 2609 226 2673 nio
242 2623 311 2671 cum
329 2604 513 2670 acatholicis
532 2624 643 2672 arcere
661 2613 825 2687 conentur,
847 2615 982 2673 attamen
1000 2604 1122 2674 directe
1140 2605 1209 2674 illud
1222 2612 1269 2665 ult

173 2714 336 2800 prohibet,
363 2721 394 2777 ct
413 2714 588 2796 copulatum
614 2722 647 2780 ut
662 2715 834 2801 legitimum
856 2716 1012 2801 agnoscit.
1038 2714 1203 2782 Praeterea
1217 2704 1271 2775 edi·

174 2831 258 2887 otum
276 2822 464 2888 Consistorii
482 2821 520 2886 de
538 2822 588 2887 dio
605 2826 657 2891 25.
676 2826 792 2890 mensis
812 2826 1021 2907 praeterlapsi
1046 2824 1142 2890 Roma
1160 2824 1274 2908 dispeu·

176 2931 330 2996 sationem
348 2929 385 2995 ab
402 2931 528 2995 haeresi
545 2931 709 3017 exposcit,
727 2931 798 2997 dum
815 2936 919 3015 potius
936 2932 1103 3008 absolutio,
1122 2951 1209 3017 quam
1223 2926 1280 2992 uls·

174 3040 318 3121 pensatio
334 3038 374 3100 ab
389 3037 515 3103 haeresi
531 3045 615 3103 esset
631 3040 829 3124 requirenda.
846 3038 879 3104 ln
897 3039 1036 3117 Polenia,
1054 3040 1106 3106 ubi
1122 3044 1182 3107 iam
1198 3038 1291 3104 anm

174 3146 272 3228 longo
289 3138 430 3229 tempore
447 3145 614 3212 tolerantia
631 3148 733 3232 quoad
751 3150 946 3217 matrimonia
966 3149 1111 3216 diversae
1127 3138 1294 3235 religiooifi

177 3255 281 3337 viget,
298 3269 361 3317 non
378 3252 479 3319 solum
495 3254 610 3332 Roma,
629 3256 685 3320 sed
702 3276 762 3321 nec
780 3258 817 3323 ab
835 3258 1003 3324 ordinariis
1020 3258 1185 3343 Episcopis
1200 3236 1294 3323 into¹

176 3362 307 3426 millibus
324 3361 589 3427 matrimoniorum
614 3362 778 3447 hucusque
793 3364 1025 3450 persistentium
1051 3364 1114 3430 ulla
1129 3364 1294 3445 dispensa*

177 3470 219 3531 lio
234 3468 458 3550 postulabatur,
476 3472 528 3555 qui
544 3488 620 3537 usus
637 3475 668 3538 in
684 3472 788 3557 legem
808 3479 858 3539 est
873 3481 1089 3552 commutatus,
1117 3477 1194 3540 Cum
1210 3474 1294 3541 clus*

178 3574 259 3641 modi
276 3576 389 3653 edicta,
404 3584 512 3660 utpote
528 3579 646 3664 vigenti
663 3581 728 3664 legi
746 3584 925 3662 contraria,
943 3582 1025 3646 haud
1042 3600 1150 3668 parum
1167 3590 1284 3668 pertur-

179 3682 311 3748 bationis
328 3684 607 3771 adstreperent,
633 3692 816 3770 praesertim
841 3690 881 3754 ob
899 3691 1113 3756 diversitatem
1128 3693 1288 3777 religionis

178 3789 364 3892 dominantis
381 3792 413 3857 in
430 3790 574 3881 imperio,
593 3798 681 3862 euius
698 3803 818 3881 partem
835 3799 915 3863 haec
928 3800 1020 3884 regio
1037 3798 1145 3877 allicit,
1164 3814 1291 3887 aequum

179 3900 353 3982 iustumque
377 3918 494 3966 censeo
511 3920 685 3987 provocare
702 3904 815 3971 illustr.
842 3905 1049 3990 Episcopum,
1074 3916 1108 3973 ut
1133 3908 1293 3978 decretum

179 4006 226 4069 sui
243 4004 428 4074 Consisterli
444 4010 564 4074 irritum
585 4010 698 4087 iaciat,
726 4022 756 4078 et
780 4016 988 4097 inposterum
1015 4014 1169 4081 eiusmodi
1196 4015 1294 4087 edicta

179 4111 264 4191 prius
289 4114 505 4180 commissioni
537 4117 644 4182 Cultus
677 4123 907 4188 communicare
934 4124 1029 4203 velit;
1060 4125 1093 4189 in
1116 4122 1294 4208 particulari

180 4225 290 4292 autem,
307 4228 341 4284 ut
357 4218 554 4288 difficultates
571 4228 602 4290 in
618 4228 854 4314 promulgandis
872 4232 984 4297 bannis
1002 4231 1175 4317 supradicti
1192 4240 1294 4319 spons=

181 4327 210 4389 in
227 4326 379 4392 Paroohia
396 4327 592 4399 Siedlccensi
608 4335 757 4422 supprimi
774 4338 890 4402 iubeat.
917 4342 1018 4426 Spero
1037 4339 1128 4417 lore,
1152 4348 1190 4407 ut
1205 4342 1294 4410 addo

4 4496 10 4505 ,
94 4492 97 4497 ,
183 4433 416 4500 eructationes
442 4437 478 4502 ad
505 4442 754 4508 convincendum
779 4444 895 4511 illustr.
912 4446 1102 4533 Episcopum
1127 4447 1294 4519 sufficiant
