2798 4852
584 274 795 351 ...47-

128 485 279 553 suumque
296 468 389 535 dinem
406 469 476 535 sine
494 487 580 534 mora
598 466 851 557 consequentum
870 489 964 537 secus
982 472 1078 539 oddicii
1089 474 1151 540 mai
1167 484 1253 541 essct

131 577 212 640 bunc
237 596 344 642 casum
371 576 410 641 nd
429 575 620 642 Guberuium
640 580 783 653 reterre,
809 580 884 645 illud
911 598 990 646 roro
1015 584 1133 665 absque
1158 578 1252 649 dubio

114 691 264 768 cogetur
288 682 328 746 ad
355 683 549 765 capessenda
568 687 729 750 severiora
757 687 880 767 media,
905 695 938 751 nt
962 688 1136 755 huiusmodi
1162 707 1253 754 casus

139 808 195 856 non
210 792 339 874 amplius
356 792 500 857 redeant.
528 792 687 877 Exspecto
715 812 804 878 quam
825 794 1024 863 celerrimum
1041 795 1158 862 illustr.
1176 797 1253 880 Epi-

146 902 222 984 scopi
235 917 444 985 responsum‚
461 902 556 985 idque
574 920 612 967 eo
629 902 709 978 bno,
725 911 760 968 ut
777 906 815 969 ab
832 903 979 970 ulteriori
995 905 1027 970 in
1045 906 1105 970 hoc
1123 909 1253 988 negotio

146 1024 281 1087 processu
298 1010 347 1074 vel
364 1010 549 1086 abstineam,
566 1011 616 1074 vel
634 1029 701 1075 rem
718 1030 857 1097 urgeam.
870 1014 1045 1079 Varsoviae
1056 1014 1107 1079 dio
1120 1015 1149 1078 9.
1163 1014 1252 1079 llart.

88 1178 90 1217 Ι
153 1111 231 1181 titt.
247 1116 510 1207 Rautenstraucb.

654 1373 743 1463 438„

155 1538 332 1616 damasum
354 1542 530 1620 Episcopl3
556 1545 588 1601 ln
610 1558 673 1616 quo
699 1545 898 1603 abiectiones
923 1544 1095 1606 lllinlstarll
1119 1548 1253 1617 retollit,

155 1634 321 1707 metimque
343 1634 572 1693 Ecclesiaste
591 1649 654 1692 non
671 1637 900 1696 benedicendis
918 1641 1010 1696 matr.
1029 1638 1141 1698 mixtis
1160 1654 1252 1713 agra·

272 1770 279 1785 .
392 1725 444 1799 glo
465 1723 619 1794 defendit,
642 1725 696 1784 td.
718 1728 765 1785 18.
787 1725 879 1784 lllart.
902 1727 991 1786 18³2.

218 1874 393 1959 Episcopus
409 1874 574 1941 Dioecesis
591 1875 828 1942 Podlachiensis
845 1878 882 1942 ad
899 1882 1158 1960 provocationem
1175 1880 1250 1945 Exc.

152 1976 294 2048 Generalis
320 1982 466 2058 (blembri
492 1983 744 2060 commissionis)
769 1986 882 2051 laetam
908 1988 947 2051 ad
974 2006 1009 2051 se
1037 1988 1088 2051 die
1113 1990 1145 2051 9.
1162 1986 1252 2051 huius

152 2094 244 2155 nensis
260 2099 292 2156 et
308 2092 381 2155 anni
398 2092 641 2174 respondendo,
658 2095 769 2158 lionori
786 2095 846 2158 sibi
864 2093 949 2159 ducit
965 2096 1184 2175 praesentibus
1200 2096 1252 2158 in-

152 2192 253 2278 dicare,
270 2196 355 2282 quod
371 2197 600 2264 Podlaobicnse
617 2198 864 2276 Consistorium,
883 2203 933 2265 cui
950 2200 1125 2265 iurisdictio
1140 2209 1252 2283 pasto·

150 2302 206 2370 radis
222 2316 271 2373 ast
287 2310 516 2373 communicata
527 2353 536 2385 ,
562 2326 769 2391 quaecunque
787 2307 931 2383 ordinet,
957 2307 1193 2391 decernatque,
1216 2328 1253 2372 ea

152 2416 233 2480 onnia
249 2418 316 2501 agit
333 2415 497 2481 voluntate
518 2422 613 2497 atquo
630 2416 775 2481 mandato
801 2417 850 2481 sui
867 2413 1037 2501 Episcopi,
1064 2416 1116 2499 qui
1142 2434 1254 2482 rursus

153 2517 268 2606 disponit
286 2542 324 2588 ac
341 2522 466 2588 mandat
482 2530 700 2588 consentanee
716 2525 817 2587 sacris
835 2525 1008 2588 canonibus
1035 2541 1072 2586 ac
1088 2526 1253 2607 praescri·
1321 2576 1324 2581 .

151 2630 193 2705 ptis
216 2630 270 2695 SS.
286 2631 452 2696 Ecclesiae
469 2631 603 2696 Patrum.
632 2632 831 2715 Quapropter
856 2631 907 2694 illu
936 2649 1062 2717 quoque
1088 2630 1254 2703 ordinatio,

155 2732 180 2797 de
191 2756 247 2820 qna
263 2738 341 2803 Erro.
359 2737 524 2805 Generalis
549 2738 709 2822 querelam
726 2747 851 2815 movet,
878 2739 929 2803 die
944 2738 998 2802 27.
1014 2738 1102 2803 Febr.
1122 2736 1218 2807 1830.
1237 2760 1253 2800 a

155 2840 329 2913 consimorto
345 2847 565 2912 Podlaabiensi
582 2846 652 2911 data
670 2847 708 2910 ad
725 2847 879 2912 ldectores
895 2846 1122 2912 Parachialinm
1137 2846 1252 2912 Eccle-

157 2949 266 3031 titrum,
293 2976 334 3021 ne
351 2957 588 3040 promulgentur
612 2954 955 3019 bannacatbolioorum
974 2974 1043 3020 cnm
1060 2955 1253 3029 acatholicis,

157 3054 375 3147 iussuEpiscopi
391 3072 441 3130 est
457 3065 600 3130 confecta
618 3083 655 3128 ac
673 3064 887 3147 promulgata:
904 3063 1061 3147 Episcopo
1075 3072 1178 3129 autem
1194 3066 1254 3128 troo

158 3162 308 3254 iunegotio
325 3173 426 3237 lacem
443 3171 643 3257 praelerebat
657 3173 854 3254 Rescriptum
880 3170 1014 3235 Sanctae
1038 3172 1148 3256 Apost.
1165 3172 1254 3239 Sedis

90 3264 98 3359 '-
159 3268 280 3343 informa
295 3278 407 3343 Brevis
435 3280 464 3343 d.
481 3278 512 3343 4.
529 3279 606 3343 Dec.
626 3277 721 3342 teas.
750 3280 916 3359 emissum,
944 3285 975 3342 et
990 3296 1007 3341 a
1022 3277 1188 3362 Regimine
1204 3284 1253 3343 ria

159 3372 330 3464 diplomatica
362 3406 431 3451 curn
456 3387 612 3471 Episcopo
642 3387 911 3452 communicatum.
945 3386 1033 3450 Patet
1058 3387 1165 3469 itaque
1183 3372 1253 3451 'non

160 3502 211 3556 tssc
223 3498 253 3559 in
269 3502 424 3581 potestate
440 3494 586 3580 Episcopi
604 3504 657 3561 aut
673 3495 904 3559 ordinationem
930 3497 980 3558 sui
997 3494 1182 3559 Consistorii
1197 3513 1253 3557 re-

158 3612 259 3680 uocare,
277 3611 330 3667 aut
346 3601 490 3678 obicem,
519 3603 571 3686 qui
596 3604 822 3668 matrimonium
838 3601 963 3667 llartini
980 3601 1125 3685 lczyuslct
1141 3605 1254 3667 bortu-

155 3699 203 3770 dtni
223 3728 292 3775 curn
318 3710 506 3793 llagdalcna
532 3708 663 3773 Bauiuss
687 3711 821 3775 confess.
840 3711 1047 3793 evangelicae
1064 3710 1210 3794 impedit,
1237 3730 1254 3771 r

152 3815 237 3880 nodio
253 3818 386 3893 tollere,
410 3818 510 3884 donee
528 3837 545 3882 a
562 3818 644 3883 Sede
661 3814 848 3903 Apostolica
865 3821 1024 3903 praeviam
1042 3817 1255 3898 dispensatio·
1337 3838 1341 3843 ·

150 3936 208 3987 nen
222 3926 371 3991 obtineat.
399 3925 573 4010 Episcopus
590 3944 608 3990 e
625 3944 680 3990 sua
696 3935 785 4009 parte
802 3930 833 3991 in
850 3926 1012 4007 praesenti
1030 3925 1133 3989 medio
1150 3924 1253 4006 liegi-
1305 3906 1314 3927 ⁵

146 4032 227 4098 minis
243 4034 280 4098 a'd
298 4034 328 4100 S.
346 4034 460 4100 Sedem
480 4036 589 4117 Apost.
608 4036 660 4098 dat
682 4053 796 4118 preces
822 4033 982 4118 supplices
1007 4051 1063 4115 pro
1088 4034 1191 4118 gratia
1208 4035 1254 4096 si·

131 4136 224 4207 ¹miles
248 4146 315 4208 suis
340 4144 485 4209 didelibus
511 4147 543 4209 in
559 4162 634 4208 casu
659 4145 860 4209 necessitatis
877 4139 1075 4223 impertiendi
1091 4140 1255 4219 dispensa·
1323 4138 1328 4147 '

140 4248 249 4317 tiones.
266 4288 311 4300 -
326 4250 375 4315 Ad
393 4259 548 4316 assertum
562 4252 640 4315 Exc.
658 4250 847 4327 Generalis,
869 4251 959 4331 quasi
976 4251 1006 4313 in
1023 4248 1114 4313 buius
1130 4251 1256 4333 generis

137 4366 268 4447 negotio
283 4364 470 4427 conveniret
495 4363 593 4425 satius
618 4361 775 4425 absolutio
801 4376 892 4441 quarn
910 4356 1103 4441 dispensatio
1119 4357 1158 4420 ab
1174 4358 1255 4420 bae-

134 4476 221 4545 resi,
255 4470 406 4556 dignetur
430 4469 491 4535 sibi
516 4477 711 4552 perspectum
736 4464 891 4542 reddere,
923 4462 1005 4547 quod
1032 4462 1186 4529 absolutio
1218 4464 1257 4525 ab
