2798 4852
584 259 810 336 -ear-
918 204 926 217 “

133 455 315 542 qualitatem
340 457 451 522 iurium
479 457 675 538 liberumque
700 456 887 521 exercitium
903 464 1039 540 quatuor
1055 465 1253 542 receptarum

136 565 327 650 religionum
359 565 604 640 stabilientibus,
637 565 819 648 praeprimis
835 583 912 629 vero
932 566 1064 630 articulo
1081 566 1142 630 57:
1160 567 1254 633 1791.

135 672 176 736 de
194 656 383 736 educatione
399 672 531 755 prelium
549 692 567 736 e
584 675 686 737 mixtis
707 681 795 736 matr.
812 660 1050 757 progenitarum
1069 678 1190 742 sonanti
1207 675 1254 738 di·
1309 683 1311 688 “

133 788 220 843 serta
237 788 424 862 repugnant.
449 781 597 844 Cautelae
614 782 674 843 hae
692 784 776 844 iuxta
793 786 858 861 ipsa
875 781 1036 844 literarum
1053 781 1253 846 Pastcraliurn

134 887 231 950 verba
248 887 281 949 in
297 904 335 949 co
352 891 522 970 praecipue
539 891 725 962 consistunt,
743 870 900 952 utconiux
911 887 1083 953 catholicus
1100 893 1202 953 teneri
1219 908 1255 954 se

132 995 213 1057 sciat
230 995 268 1057 ad
284 994 485 1059 acatholicum
501 999 666 1080 coniugem
682 997 905 1071 reducendam,
923 1003 985 1058 turn
1003 999 1263 1079 etiamutprolcs-

132 1103 297 1182 utriusque
314 1120 410 1166 sexus
429 1122 447 1165 e
473 1098 569 1166 mixt'o
595 1105 791 1169 matrimonio
817 1105 1013 1187 procreanda
1031 1105 1062 1168 in
1080 1105 1253 1171 catholicae

134 1211 300 1293 religionis
319 1213 486 1274 sanctitate
504 1211 694 1275 educaretur
704 1233 713 1289 3
740 1232 820 1295 qnae
837 1212 980 1276 cautelae
998 1213 1024 1277 si
1041 1214 1154 1288 absint,
1171 1211 1255 1278 obti-

135 1321 267 1399 nerique
285 1327 452 1401 nequeant,
470 1327 533 1383 tum
551 1321 714 1384 enimvero
731 1321 882 1384 Parcchis
900 1322 1059 1385 catholicis
1076 1322 1253 1404 imponitur,

132 1432 167 1488 ul
185 1425 221 1488 ab
240 1422 548 1491 adhibendis'ri'tibus
566 1431 678 1506 sacris,
695 1429 840 1509 precibus
853 1436 883 1490 et
898 1427 1127 1502 benedictione,
1145 1431 1249 1493 omni·

136 1551 198 1615 que
215 1532 388 1596 huiusmodi
414 1540 484 1597 actu
504 1535 690 1599 abstineant.
714 1536 816 1618 Leges
834 1553 909 1598 vero
927 1536 965 1599 ad
982 1543 1179 1616 praesentem
1197 1556 1251 1600 ca·

134 1657 203 1702 sum
221 1641 441 1722 applicabiles‚
467 1647 497 1702 et
523 1660 579 1726 pre
597 1644 705 1707 maiori
732 1643 888 1706 evidentia
905 1644 1075 1707 secundum
1097 1644 1255 1708 verbalem

133 1754 277 1810 tenorem
294 1749 395 1812 istlruc
412 1751 550 1813 insertae
567 1758 638 1814 sunt
654 1757 843 1832 sequentes:
868 1751 966 1832 Appi.
993 1752 1097 1814 Cenat.
1115 1734 1149 1815 Ρ.
1163 1751 1185 1813 l.
1205 1754 1252 1815 tit.

136 1856 166 1918 1.
183 1874 211 1918 a.
230 1856 260 1918 2.
286 1857 364 1918 haec
389 1857 501 1919 babet:
525 1858 583 1936 „n’
612 1860 697 1940 negy
722 1865 850 1940 recepta
876 1859 1078 1940 religiolinali
1094 1859 1252 1923 scabados

135 1961 362 2025 exercitiumok
379 1966 410 2026 in
427 1965 505 2027 locis
519 1966 606 2046 juxta
624 1966 879 2030 constitutionem
895 1966 987 2048 regni
1013 1964 1111 2027 solitis
1139 1965 1253 2028 ezutdn
1377 2001 1381 2006 ·

130 2073 158 2134 is
191 2069 516 2153 megengedtessdk.“
542 2073 638 2136 Porro
667 2073 800 2136 ibidem:
824 2074 894 2151 „Aa
912 2073 1064 2136 Ecclesiai
1081 2071 1254 2136 directidk-

132 2180 194 2241 ban
212 2180 247 2241 e's
263 2180 446 2243 ritusokban
463 2180 560 2263 pedig
585 2181 824 2256 reformalniok,
839 2200 924 2262 vagy
940 2181 1116 2244 varidlniuli
1134 2198 1171 2241 au
1185 2180 1251 2243 Ek·

132 2283 319 2348 lrldsia'knalr
336 2286 441 2350 eleildl
459 2286 554 2370 icgva
582 2287 733 2351 szabadus
749 2289 825 2359 volt,
852 2288 944 2370 mally
962 2288 1164 2370 ireresztdnyi
1182 2305 1254 2350 sna·
1279 2268 1283 2276 ’

134 2392 255 2475 badsa'g
272 2384 383 2457 ezutan
409 2396 435 2457 is
453 2394 482 2456 el
495 2413 563 2457 nem
589 2396 784 2460 rekcsztetilc
810 2398 844 2458 es
863 2395 993 2470 tiballi,
1022 2394 1061 2457 de
1078 2395 1162 2478 rigy,
1180 2398 1255 2458 mint

133 2501 199 2564 mais
216 2500 407 2584 ttereszteny
418 2501 642 2585 Orsudgcbban
660 2506 694 2567 os
707 2504 735 2566 e'
746 2502 911 2568 mionkben
929 2507 956 2567 is
968 2503 1094 2566 e‘lteneli
1111 2504 1146 2566 os
1162 2501 1255 2564 olnek

134 2618 213 2694 most
229 2611 266 2683 is,
284 2611 370 2673 tudni
387 2611 469 2688 illili,
496 2612 585 2694 bagy'
607 2615 638 2675 in
656 2613 824 2675 minoribus
849 2613 885 2674 es
904 2615 933 2673 a'
959 2610 1095 2690 mellyck
1123 2610 1199 2671 csak
1216 2627 1252 2671 az

133 2717 275 2800 Egylra‘zi
291 2717 455 2783 Rendeket
471 2719 579 2798 illetilr,
597 2720 710 2803 magnii
728 2738 763 2782 az
780 2720 913 2802 egyhdni
929 2716 1057 2781 llerrdek
1074 2721 1099 2782 is
1117 2717 1247 2781 conclu-

135 2824 316 2897 dailbatnali,
345 2828 379 2890 ds
397 2828 633 2892 constitutiokat
650 2828 877 2902 esinolhatnali‚
896 2828 934 2889 de
950 2829 1063 2897 azokal
1081 2827 1107 2917 is
1123 2827 1249 2889 bozon·

134 2935 231 3014 seges
257 2935 417 3016 generalis
444 2931 671 3015 gyoldsekben.
696 2937 742 2997 ΑΖ
768 2933 981 3015 ballgatokkal
1006 2939 1041 2996 es
1068 2931 1158 2995 uulso
1176 2939 1254 2996 ren-

134 3037 244 3109 deblrel
262 3042 321 3105 boz
340 3059 421 3123 vagy
437 3042 553 3104 azokra
564 3043 589 3103 is
601 3035 742 3104 nozendd
754 3027 932 3122 dulgoliban
948 3039 1044 3121 pedig
1061 3057 1129 3099 nem
1140 3037 1256 3102 billon-
1332 3054 1335 3058 ’

134 3150 194 3212 ben
210 3150 322 3234 hanam
340 3149 471 3213 azokkal
487 3151 514 3212 is
532 3150 591 3211 lion
610 3146 791 3211 drtclembdl
809 3148 872 3230 dgy
889 3146 965 3209 mint
981 3146 1045 3210 toln
1062 3147 1256 3238 rnagokrefi

134 3254 266 3339 ligidjon
282 3257 355 3321 levo
373 3255 717 3338 ibmagistra'tuscknak
728 3253 1027 3336 ospatrcnusclmalr
1038 3250 1174 3335 egyenid
1191 3260 1256 3315 tet-

135 3364 339 3429 szosekbdl.“
364 3363 479 3428 ibidem
506 3367 536 3429 in
565 3373 623 3429 art.
652 3364 682 3426 8.
710 3365 787 3426 baec
814 3363 982 3444 leguntur:
1008 3361 1252 3442 *‚‚Vogeztetctt‚

134 3474 217 3555 bogy
235 3471 323 3535 senki
341 3473 434 3535 alatta
451 3471 520 3537 lovll
543 3473 707 3556 iozse'ge't,
721 3472 952 3556 j0bbalgyokat‚
969 3469 1071 3532 hdzak
1089 3470 1193 3552 nepot,
1218 3485 1254 3531 sc

134 3582 334 3642 scmmindmii
350 3579 506 3644 rendeliet
522 3581 666 3655 erdszalr‚
682 3597 766 3661 vagu
777 3576 1216 3642 'alermine'miibitntetdsneli
1226 3578 1253 3639 is
1357 3614 1361 3620 ·

138 3796 230 3859 1791.
249 3795 412 3876 sequentis
430 3803 478 3859 est
496 3797 635 3858 tenoris:
661 3796 823 3873 „Quamcr
848 3801 998 3877 receptae
1015 3794 1188 3874 religiones
1204 3794 1254 3856 vi-

136 3920 215 3984 gore
233 3905 336 3985 legum
355 3905 525 3985 patriarum
542 3905 571 3966 b.
587 3903 754 3986 diplomate
772 3902 965 3984 Lecpcldino
982 3902 1169 3965 firmatarum
1187 3904 1256 3976 (ar-

136 4010 239 4074 ticulis
256 4011 397 4091 illis‚·qui
414 4011 568 4095 Religioni
586 4011 789 4076 llCatbulicac
804 4009 1093 4091 praeiudicassent‚
1118 4027 1176 4092 per
1198 4014 1255 4070 art.
1376 4031 1379 4035 ²

132 4120 163 4182 6.
181 4125 213 4181 et
228 4117 258 4180 7.
278 4119 400 4182 novell:
418 4121 615 4183 articulorum
634 4121 705 4183 anni
724 4119 819 4182 1744.
836 4119 897 4180 iam
915 4118 1061 4192 sublatis)
1079 4121 1110 4181 in
1129 4134 1252 4196 aequa-

136 4267 401 4280 --nae——n—-nu-

191 4345 236 4414 a)
247 4349 331 4415 Leges
344 4345 389 4398 bas
410 4348 530 4416 superius
552 4353 579 4401 in
594 4351 782 4417 deflexionibcs
798 4349 931 4422 lipporum
944 4351 974 4402 de
996 4366 1022 4401 α.
1038 4351 1122 4414 reon.
1137 4349 1200 4402 llrc.
1214 4348 1241 4401 ll

133 4453 185 4508 iam
198 4453 347 4508 citavimus.
362 4452 420 4507 Vid.
434 4453 499 4509 Man.
514 4455 577 4507 621.
