2798 4852
592 216 1059 369 -ara-”g'

113 466 265 535 eatenus
282 479 299 522 e
316 461 469 523 communi
482 457 707 543 Episcoporum
723 461 903 547 Huogariae
919 464 1108 529 sensualiud
1124 432 1248 530 consti·
1350 542 1355 549 .

113 568 308 641 rotumnam
331 567 452 631 luente
471 568 592 648 priuata
619 571 701 633 enim
726 573 912 638 auctoritate
937 571 998 634 bac
1021 573 1167 654 inpacto
1195 592 1255 637 an·
1291 564 1321 577 ”
1360 572 1363 579 ’

113 681 265 758 saeptae
284 676 502 740 innovationes
520 684 716 761 cantantum
741 678 959 760 periculosae,
975 680 1042 743 ¹-sed
1067 679 1150 746 bono
1167 700 1284 744 comm·

113 785 233 857 mum,
261 782 475 864 tranquillitati
491 783 653 864 publicae,
669 792 699 847 a
715 785 775 867 apsa
791 787 883 871 eam
899 785 1055 867 uettgmm
1073 772 1251 851 curruum

113 892 333 974 perniciosae
348 890 473 955 fierent.
501 891 655 973 Sponsam
680 910 777 973 porro
795 893 827 957 in
843 891 903 955 fide
920 893 1079 957 Catholica
1097 894 1255 976 viseneet

113 1000 209 1064 mori
228 997 451 1063 intendentem
478 1004 608 1081 propter
624 1003 774 1080 privatum
800 999 981 1083 scrupulum
1007 1000 1250 1067 sacramentalis
1349 1076 1354 1083 ι

113 1101 361 1171 benedictionis
371 1110 473 1190 gratia
484 1111 609 1191 privare
621 1109 733 1173 nemini
744 1112 904 1191 integrum
919 1117 977 1172 est.
995 1109 1033 1173 Et
1049 1111 1076 1173 si
1092 1110 1264 1191 parochus.

113 1213 308 1280 catholicus
332 1223 436 1296 potest
461 1217 579 1297 prolem
606 1225 769 1299 parentum
793 1218 876 1300 Aug.
902 1216 954 1279 vel
976 1200 1066 1281 Helu.
1095 1217 1177 1301 aspis
1195 1217 1255 1281 sibi
1376 1240 1381 1247 ·

114 1323 186 1389 bue
209 1323 400 1387 conterendi
417 1325 518 1387 eidem
534 1326 678 1406 baptismi
702 1334 944 1407 praesentatam,
967 1327 1109 1406 quamvis
1125 1328 1157 1389 in
1174 1324 1265 1389 reli«.

114 1434 227 1514 gioue
254 1448 383 1495 suorum
408 1440 570 1514 parentum
597 1433 757 1498 educanda
774 1436 829 1515 sit,
855 1436 943 1498 salva
960 1436 1152 1498 couscientia
1169 1432 1253 1513 bap·

115 1542 249 1633 lisera:
267 1557 364 1620 quare
381 1556 444 1632 nou
460 1548 571 1622 posset
587 1542 705 1620 pariter
723 1522 983 1604 matrimonialem
999 1540 1264 1631 benedictionem·
1299 1518 1303 1525 ⁴

117 1647 260 1731 sponsis
276 1646 423 1711 diversae
439 1647 612 1730 religionis,
640 1648 710 1711 dum
728 1667 797 1712 cam
814 1656 983 1728 expetunt,
1001 1656 1032 1711 et
1048 1663 1122 1729 para
1138 1649 1254 1712 catho-

117 1754 186 1817 liea
208 1753 250 1815 ad
267 1753 481 1831 recipiendam
498 1757 631 1836 gratiam
649 1755 842 1820 Sacramenti
853 1755 957 1819 debita
969 1763 1069 1819 semet
1085 1755 1265 1835 disposuit.

122 1883 163 1927 ex
182 1869 342 1945 respectu
358 1863 449 1927 buius
467 1866 656 1945 cumgratia
673 1863 730 1926 Dei
748 1864 858 1927 nefors
875 1868 966 1928 eliam
982 1867 1126 1927 maritum
1143 1863 1266 1926 lucra-.
1322 1928 1327 1935 ,

125 1981 222 2044 tura,
257 1970 436 2053 impertiri?
468 1971 632 2053 Agendum
654 1989 734 2033 sane
754 1972 787 2033 in
804 1974 887 2035 omni
904 1971 996 2033 simili
1010 1990 1106 2048 casn,
1128 1977 1163 2033 ut
1180 1987 1252 2050 pars
1308 1956 1336 2013 -’

129 2079 291 2143 catholica
316 2079 416 2141 solida
441 2079 636 2142 institutione
662 2077 838 2159 epericulo
865 2081 987 2143 animae
1012 2085 1254 2160 praeservetur3

131 2189 189 2251 sed
206 2187 346 2267 prudeus
363 2186 532 2250 animarum
549 2193 677 2250 curator
695 2205 858 2268 numquam
870 2187 1066 2250 scacvitatis
1082 2187 1194 2268 spiritu
1213 2203 1275 2249 eo„
1301 2205 1305 2211 ¹

133 2296 233 2376 abripi
257 2296 410 2372 patietur,
442 2301 494 2365 ut,
519 2293 600 2376 quod
627 2294 722 2357 Cone.
749 2294 983 2366 Tridentiuum,
1008 2293 1060 2354 lex
1075 2295 1195 2372 patria,
1220 2300 1265 2355 et=
1300 2358 1303 2365 ,

134 2403 303 2485 pastoralis
328 2404 466 2465 muueris
491 2384 586 2465 ratio
603 2402 706 2464 eidem
733 2398 956 2486 imposuit,·'id
981 2400 1255 2465 in-Cancellariam
1311 2481 1316 2487 ·

135 2529 234 2574 meam
250 2509 396 2574 derivare
413 2511 497 2573 velit.
522 2509 585 2592 Sig.
604 2511 636 2574 in
654 2510 685 2575 S.
698 2509 798 2573 Cruce
815 2511 867 2573 die
883 2507 936 2571 30.
954 2509 1033 2572 Nov.
1053 2505 1148 2571 1839.
1231 2542 1234 2547 -
1366 2500 1369 2507 '

588 2796 592 2803 ¹
651 2707 737 2783 are.
795 2775 799 2783 .

131 2903 235 2960 Sensa
248 2866 442 2985 (iubatorum
455 2898 629 2985 lttstrtclns
650 2898 952 2974 Breunoba'nyensls
965 2878 985 2955 e
996 2854 1255 2974 congregatione
1315 2958 1318 2963 ,
1392 2891 1398 2899 ’

353 2988 547 3071 dle2.duntl
570 2988 660 3046 tato.
680 2993 846 3061 postremo
869 2990 1043 3048 declarata.
1262 2988 1265 2993 '

167 3200 184 3229 -,
223 3157 261 3224 In
279 3157 438 3240 sequelam
461 3157 544 3222 illius
568 3156 795 3229 Resolutianis‚
823 3176 903 3240 qnae
930 3157 968 3219 ad
986 3157 1017 3218 P.
1035 3158 1066 3220 2.
1083 3156 1268 3226 Protooolli,

132 3270 331 3350 congregat,
356 3267 452 3329 Distr.
467 3266 510 3329 de
527 3264 580 3328 22.
598 3263 669 3326 Oct.
681 3263 786 3327 -1839,
806 3265 877 3327 data
895 3270 963 3337 ast,
988 3280 1082 3326 sensa
1099 3270 1207 3327 nostra
1226 3267 1265 3327 iu·
1316 3304 1320 3311 -
1347 3330 1351 3338 ,

132 3396 174 3444 eo
190 3374 294 3441 adbuc
310 3374 478 3439 humillime
494 3375 674 3456 exprimere
696 3375 904 3436 sustinemus:
930 3387 988 3439 nos
1014 3370 1177 3434 mulierem
1194 3390 1266 3434 ca··

132 3482 286 3551 tholicam
304 3485 373 3551 viro
391 3481 566 3554 acatholico
583 3480 728 3545 absolute
745 3460 1031 3543 nubentem-exeo
1045 3466 1256 3542 etiam-bene·
1273 3496 1276 3501 ·

132 3578 274 3679 dictione
287 3590 510 3653 ,sacramentali
527 3589 653 3671 diguam
671 3607 805 3651 censere
824 3604 886 3651 non
905 3606 1018 3668 posse,
1046 3588 1129 3669 quod
1147 3588 1257 3650 mulier

133 3702 206 3767 talis
230 3703 261 3765 in
288 3684 483 3782 matrimonio
510 3697 605 3761 mixto
634 3714 701 3769 nec,
719 3694 972 3760 unionemiltnm
1001 3696 1117 3783 Christi
1133 3693 1255 3759 Domini
1327 3748 1331 3757 .
1358 3678 1391 3739 -'

134 3828 209 3875 curu
242 3806 406 3877 Ecclesia,
442 3823 532 3884 quam
558 3811 721 3888 tantopere
756 3810 851 3886 urget
875 3819 1007 3886 nraguus
1024 3798 1201 3882 Apostolos
1227 3802 1257 3865 S.
1298 3822 1302 3835 ¹

132 3914 344 3996 Paulus-pr.
362 3915 399 3977 V.
418 3892 590 3996 exprimat,
611 3930 672 3974 nec
688 3908 772 3977 bono
788 3910 941 3993 spirituali
957 3927 1088 3974 suarum·
1109 3907 1264 3990 proliumj-
1294 3996 1298 4001 ἢ

135 4026 175 4089 ad
192 4024 278 4107 quod
293 4017 328 4087 at·
340 4024 412 4103 lege
429 4029 581 4101 naturae,
598 4013 631 4083 et
644 4020 778 4102 positiva
790 4018 898 4081 diviua
916 4018 1086 4100 obligatur,
1103 4019 1255 4091 consulat,
1358 4010 1372 4097 ',
1396 4008 1398 4013 ’

135 4152 197 4199 uec
223 4128 347 4215 spiritui
372 4130 536 4193 Ecclesiae
561 4116 753 4207 satistaciat‚
785 4126 836 4207 qui
862 4126 945 4189 anim
970 4144 1032 4191 nou
1050 4122 1266 4200 est'meoum‚²
1319 4120 1322 4127 ’
1357 4168 1361 4179 ·

137 4247 249 4323 contra
273 4258 322 4302 ane
349 4245 415 4310 est,
443 4245 475 4300 et
499 4238 552 4318 qni
577 4253 639 4315 riou
665 4236 789 4316 colligit
810 4232 953 4311 mecum,
980 4234 1165 4319 dispargit„
1183 4235 1257 4298 dicit
1292 4316 1296 4322 ἢ
1390 4250 1394 4255 ·

136 4344 265 4412 Veritas
287 4347 409 4429 Divina.
423 4345 469 4409 ¹ld
485 4345 567 4427 quod
585 4346 700 4407 nostris
726 4346 912 4424 praesertim
935 4342 1162 4422 temporibus·a
1178 4343 1266 4406 viris·
1292 4388 1299 4407 ,
1322 4378 1329 4389 -

140 4453 315 4539 traditione
334 4471 397 4518 non
409 4454 510 4518 minus
527 4472 562 4516 ac
574 4454 642 4515 nolo
653 4452 1009 4541 religiouiaconspicuis
1024 4457 1183 4515 ostensum
1195 4457 1269 4514 est.¹
1379 4464 1382 4472 ·
