2798 4852
510 260 513 265 ·
597 226 754 322 *286
781 272 832 291 -ι-

22 476 26 483 .
45 498 48 507 ,
153 428 262 509 derat3
277 428 414 512 ‘quonam
431 429 512 493 anim
529 418 630 512 ‘gradu
642 427 844 493 ‘conditiones
860 428 900 491 ule
916 426 1189 513 illa-negotiohunl
1201 428 1250 495 olis

44 530 47 545 '
150 528 478 620 ulinllonaagitatao
503 537 675 601 tunsione
692 534 926 613 uersarentur,
957 534 1115 602 llinistro'·
1132 536 1250 603 monim

150 626 347 721 innotuerat,
374 637 559 730 scopinari
583 644 717 719 licebat,
742 640 829 718 fort,
854 653 888 708 ut
908 645 1017 708 huius'
1033 647 1193 710 sententia
1209 644 1250 707 ba

150 752 214 817 val'
225 755 279 818 illa
303 756 335 818 in
350 767 387 818 re
403 773 422 816 a
438 735 574 818 Consilio
599 746 723 817 Eccles.
734 748 945 836 'discreparet
970 750 1101 826 Quodsi
1116 770 1196 817 vero
1212 750 1250 817 lli

87 872 90 877 '
150 863 372 926 nisterratam
397 860 559 924 habuisset
583 861 675 924 huius
701 859 834 944 Collegli
860 860 1098 935 auctoritatem,
1114 861 1250 943 integrm

150 954 218 1032 erat
241 966 453 1033 Ordinarialui
488 968 614 1050 Eppali‚
640 970 748 1033 curiae
768 968 1010 1040 eminentioris,
1041 968 1136 1053 Regii
1162 986 1250 1059 camp

148 1073 275 1138 Consilii
302 1075 466 1139 interioris·
487 1070 677 1158 praesidium
703 1077 1193 1159 protiarilmssuisimplorare,
1213 1095 1249 1146 u

145 1182 301 1266 repulsam
318 1168 484 1265 nu'mquam
509 1183 634 1247 tulerat.
659 1183 774 1247 Verum
800 1182 970 1249 aliterres
988 1182 1107 1248 euenit.
1131 1182 1250 1258 Domin

148 1291 302 1372 Episcopo
327 1290 374 1353 De
399 1288 636 1374 ll'ellerpotius
663 1294 762 1355 visum
788 1297 854 1365 ost,
887 1289 1068 1370 Gubernio,
1098 1294 1250 1363 maioritn

150 1398 320 1477 instantiis,
344 1415 421 1480 quas
436 1386 569 1474 vocant,
586 1416 656 1463 non
672 1397 865 1479 imploratis,
891 1401 981 1481 copia
1007 1398 1147 1463 nondum
1172 1399 1250 1480 lacta

147 1506 283 1587 querelis
300 1506 377 1581 suia,
402 1505 430 1570 si
454 1507 536 1571 forle
553 1523 649 1571 verae
666 1498 819 1585 luissent,
841 1506 997 1585 medendi,
1021 1501 1084 1573 imo
1100 1526 1140 1571 na
1157 1509 1250 1570 audito

147 1604 271 1694 quidem
289 1610 420 1678 Senatus
438 1617 486 1679 sui
508 1615 660 1693 consilio,
682 1614 806 1696 publica
833 1617 1035 1679 accusatione
1060 1614 1124 1679 lale
1148 1615 1248 1697 paleati

146 1717 337 1785 Gubernium
362 1720 444 1806 apud
462 1721 877 1788 ordinum-Provinciallnm
896 1723 1032 1789 ‘Comitia
1057 1726 1091 1788 ln
1111 1722 1244 1806 insonui

139 1836 271 1905 ,vocare
297 1829 392 1903 Quae
409 1829 525 1912 agendi
552 1821 652 1905 ratio,
678 1847 768 1912 quam
786 1830 828 1893 ¹1).
853 1830 1031 1913 Episcopus
1055 1824 1240 1899 secuturam,

93 2016 101 2023 .
144 1935 253 2017 quodsi
269 1938 332 2001 iam
345 1937 446 2019 quoad
463 1937 596 2002 formiam
611 1939 739 2019 probari
755 1940 882 2020 nequit,
908 1940 1063 2003 actionem
1081 1940 1234 2004 elusatium

143 2042 245 2124 quoad
269 2043 447 2116 materiam,
474 2046 500 2107 si
524 2047 648 2124 potiora
673 2047 722 2108 rei
747 2040 851 2128 capita
877 2053 1021 2126 spectas,
1046 2042 1129 2109 ius'lo
1145 2056 1233 2109 aaron

143 2146 344 2214 fundamento
361 2168 402 2234 ex
419 2151 622 2232 sequentibus
640 2150 833 2235 argumentis
857 2150 979 2233 liquare
996 2153 1165 2233 opinamur.
1226 2162 1229 2171 '

231 2257 351 2331 Quanta
378 2258 452 2322 iusti
487 2255 710 2333 observantia,
741 2261 804 2323 imo
835 2278 894 2341 qua
926 2258 1145 2326 benevolentia
1174 2259 1234 2340 llll·

140 2367 289 2444 Princeps
316 2366 495 2431 Frideric'us
519 2367 633 2430 beatae
660 2369 828 2430 memoriae
853 2367 953 2450 primo
974 2367 1114 2443 Elector,
1141 2363 1233 2433 deiulo

137 2475 208 2537 Rex
233 2477 320 2538 cives
348 2475 520 2539 catholicos
545 2473 732 2538 foederibus¹
763 2474 897 2557 publicis
924 2483 956 2538 et
972 2479 1060 2558 pacis
1077 2466 1232 2559 legitima

138 2582 268 2646 ineunte
286 2581 345 2645 boc
372 2582 480 2645 seculo
508 2583 564 2644 sub
581 2588 766 2662 potestatam
792 2599 878 2645 suam
902 2582 1070 2661 redacloS‚
1094 2591 1126 2646 et
1144 2580 1232 2648 Eccle-

137 2693 216 2754 siam
242 2688 617 2770 Catholicam'tmplexus
642 2690 757 2754 fuerit:
782 2690 813 2752 id
831 2690 853 2753 ii
870 2708 932 2753 non
949 2690 1116 2774 ignorant,
1144 2691 1231 2773 quibu

138 2801 227 2880 copia
244 2798 319 2874 luit,
345 2817 425 2880 quae
450 2815 503 2861 res
528 2801 635 2882 magni
659 2800 807 2862 momenti
829 2799 914 2861 circa
931 2797 1026 2861 Sacra
1043 2792 1230 2863 Catholicait

138 2905 395 2989 Wtirtembergla
420 2913 484 2970 tum
511 2914 622 2989 gestae
639 2914 730 2982 sunt,
756 2905 948 2969 observandi.
973 2907 1169 2973 Documento
1181 2896 1246 2968 suli

138 3010 238 3077 edicta
256 3014 294 3077 de
319 3004 487 3098 Religione
512 3015 550 3076 ab
567 3014 654 3097 Rege
680 3015 893 3079 illustrissimo
911 3015 960 3078 die
980 3014 1030 3077 14.
1049 3015 1140 3080 Febr.
1159 3005 1229 3078 lala.

55 3174 59 3180 .
137 3131 174 3186 et·
186 3123 235 3187 die
252 3124 305 3186 15.
324 3122 392 3187 Oct.
414 3123 508 3187 1806.
525 3125 655 3199 emissa,
680 3118 712 3187 et
724 3125 821 3187 'multa
837 3124 928 3206 regia
945 3124 1072 3188 decreta
1094 3115 1226 3189 inferioris

136 3235 284 3315 temporis
301 3231 412 3297 eodem
430 3233 615 3315 spectantia.
632 3233 686 3296 His
704 3235 784 3297 enim
801 3234 951 3301 sancitum
968 3239 1025 3307 est,
1043 3219 1225 3296 necariola

121 3341 319 3423 religionem
337 3357 425 3404 suam
442 3358 595 3404 exercere
614 3331 879 3422 prohiberentur,
908 3347 941 3403 ul
959 3339 1106 3402 libertate
1123 3327 1223 3403 consti*

132 3451 236 3512 entiae
253 3456 434 3522 uterentur,
460 3435 497 3512 ut
509 3466 641 3531 prorsus
659 3447 768 3512 iisdem
785 3449 1057 3512 communitatibus
1075 3445 1105 3510 ei
1120 3448 1151 3510 in
1165 3437 1220 3508 cili·

134 3563 198 3619 tata
232 3557 370 3629 iuribus,
404 3557 516 3637 quibus
547 3546 785 3637 protestantium
817 3555 1055 3619 Confessionurn
1088 3551 1220 3618 asseclae.

129 3665 328 3738 fruerentur,
355 3672 387 3726 ut
403 3664 538 3745 danique
555 3664 718 3728 Ecclesiae
735 3664 913 3729 Catholicae
929 3668 1053 3747 integra
1072 3670 1154 3727 esset
1167 3650 1221 3741 pls·

131 3774 235 3857 ceptio
253 3774 405 3836 bonorum
422 3789 548 3835 suorum
567 3791 602 3835 ac
619 3773 792 3846 redituum,
821 3779 973 3854 quatenus
991 3774 1021 3835 hi
1038 3774 1078 3835 ad
1094 3771 1189 3834 damna
1200 3756 1220 3818 il

129 3881 255 3945 sinistra
280 3879 380 3943 Rheni
404 3881 472 3961 ripa
501 3887 628 3961 accepta
654 3900 712 3962 pro
737 3876 934 3963 pactionibus
961 3898 1003 3942 ax
1022 3881 1092 3944 iure
1109 3871 1219 3961 gentina

129 3987 288 4073 pausanda
306 4008 368 4054 uon
385 3991 417 4052 in
434 3987 608 4051 secularem
630 4006 719 4052 usum
744 3991 892 4053 conversi
919 3996 1017 4052 erant.
1042 3988 1108 4052 Lex
1131 3977 1218 4073 iuudl‘
1248 3974 1250 4033 ἓ

130 4099 272 4161 mentalis
290 4098 329 4160 d'e
347 4095 520 4162 ordinanda
537 4097 700 4180 republica
716 4095 867 4162 Gulielmo
884 4089 971 4179 Rege
990 4097 1073 4180 Aug.
1091 4088 1216 4178 regnatil

130 4221 157 4263 a.
179 4204 273 4266 1819.
292 4196 460 4270 constituta
479 4214 542 4270 non
560 4204 659 4268 solum
677 4206 788 4269 iurium
804 4206 963 4288 praesidia
981 4206 1146 4269 Catholicis
1161 4199 1215 4261 ioli·
1245 4222 1250 4231 ·

32 4342 37 4353 ·
132 4308 201 4373 llum
218 4326 370 4376 concessa
389 4312 601 4385 confirmavit,
620 4312 675 4375 sed
692 4302 782 4394 plura
797 4315 888 4376 etiam
908 4311 1033 4376 addidit.
1058 4312 1110 4376 llla
1125 4310 1208 4377 nauli

125 4415 201 4501 laga
222 4421 398 4481 autonomia
425 4418 617 4500 singularum
634 4419 837 4483 ecclesiarum
855 4419 958 4501 quoad
971 4422 1093 4484 interna
1108 4435 1154 4483 sua
1167 4417 1209 4473 pe-
