2798 4852
581 281 825 355 4492-

140 481 350 568 pastoralibus
369 497 475 541 eorum
493 478 597 540 tenori
609 477 831 557 superstructis
849 477 1086 559 Episcoporum
1103 476 1209 550 literis,
1222 497 1249 540 ac

139 595 208 672 ipso
225 592 317 653 etiarn
333 588 364 649 b.
381 585 505 647 Placete
521 583 623 666 Regio
640 586 671 646 in
688 585 778 665 leges
790 583 902 646 civiles
914 586 1096 666 impingere
1107 583 1249 646 affirman-

139 705 208 769 tes,
234 701 322 778 parte
349 691 386 754 ab
413 709 473 755 una
491 690 615 752 blattcm
640 692 733 752 Vram
761 688 908 767 SSmam,
934 697 969 775 ut
988 692 1163 771 benignum
1179 707 1250 754 suun

140 803 298 885 Placetum
314 805 511 868 retractare,
537 814 657 876 nosque
674 795 712 858 ad
733 796 931 860 revocandas
948 796 1127 878 pastorales
1145 804 1251 861 nostras

138 907 247 972 literas
273 905 462 988 compellere
488 895 796 984 dignetur,''orare;
830 912 918 985 parte
943 921 1024 966 vcro
1053 904 1091 966 ab
1111 903 1170 966 alia
1187 903 1251 967 cteri

137 1016 352 1078 conscientiae
368 1031 425 1093 per
442 1012 577 1074 dictatas
594 1010 746 1073 Actiones
763 1009 902 1073 Fiscales
919 1011 979 1073 vim
990 1012 1162 1084 intentare,
1179 1028 1249 1073 enn-

140 1140 200 1202 que
211 1120 445 1205 utproculcntis
461 1118 676 1181 sanctionibus
688 1116 914 1181 ecclesiasticis
925 1120 1056 1181 iuratam
1067 1116 1252 1180 Praesulibus

139 1229 321 1290 canonicam
340 1224 548 1288 obedientiam
566 1223 670 1296 violet,
687 1241 807 1304 cogere
825 1241 886 1287 non
905 1223 1101 1288 dubitarunt.
1120 1223 1251 1304 Equidem

137 1333 209 1396 blei.
234 1332 297 1395 Vra
323 1331 415 1395 SSma
443 1330 545 1411 (qnod
571 1332 812 1393 obstrictissime
846 1349 915 1394 cnm
937 1332 1148 1414 gratitudinis
1173 1346 1252 1393 sensa

137 1438 304 1502 humillime
321 1437 521 1520 profitemur)
537 1455 613 1518 erga
632 1436 784 1500 demissas
811 1438 1039 1520 Episcoporum
1057 1453 1192 1518 preces,
1207 1436 1250 1499 in·

27 1538 33 1551 ⁸
136 1546 234 1611 iustas
252 1545 378 1624 quasvis
394 1541 569 1605 huiusmodi
593 1541 746 1604 Actiones
764 1542 934 1606 clementer
961 1546 1101 1622 sistere,
1129 1549 1167 1604 et
1192 1550 1250 1605 acu

18 1708 21 1715 .
135 1650 351 1732 processualia
378 1650 436 1711 sibi
454 1649 590 1710 submitti
607 1648 718 1711 iubere
745 1647 870 1730 dignata
899 1657 967 1725 est3
989 1658 1065 1710 ‘curn
1084 1657 1188 1711 tamen
1203 1667 1250 1710 nec

135 1742 222 1835 ipsae
239 1753 390 1817 Actiones
408 1753 554 1833 lataeque
571 1753 603 1816 in
622 1771 727 1815 earum
741 1749 909 1833 ‘sequelam
930 1754 1112 1841 sententiae
1134 1753 1253 1833 benigne

137 1867 295 1935 cassatae,
314 1878 373 1921 nec
390 1867 459 1920 acta
478 1860 693 1938 processualia
711 1863 742 1922 in
759 1860 954 1939 huncnsque
972 1860 1055 1922 diem
1073 1853 1114 1922 ad
1133 1876 1252 1922 concer-

136 1975 249 2032 nentes
265 1965 514 2029 iurisdictiones·
534 1968 666 2028 remissa
692 1967 888 2040 habeantur,
915 1970 982 2046 ipse
1008 1963 1141 2046 quidem
1159 1967 1252 2029 cleros

54 2139 57 2145 ,
136 2073 418 2139 adhucdnmnovis
435 2074 584 2136 continuo
602 2073 765 2154 expositus
782 2081 832 2135 est
848 2073 1111 2156 impetitionibus,
1128 2073 1254 2155 complu·

135 2185 190 2242 res
218 2197 296 2241 vcro
320 2176 569 2241 iurisdictiones
604 2180 837 2240 nonobstante
866 2198 923 2255 eo,
958 2179 1040 2259 quod
1074 2187 1253 2261 praealtacta

134 2281 499 2367 RescriptaApostolioc
517 2283 656 2364 benigno
674 2284 809 2348 Placetol
817 2283 917 2367 Regio
934 2289 1062 2366 provisa
1083 2289 1168 2361 sint,
1184 2284 1252 2366 qnod

134 2390 204 2452 blei.
221 2390 283 2453 Vra
303 2385 400 2468 SSma
419 2406 478 2470 ope
496 2389 733 2472 Praesidialium
750 2391 782 2452 C.
800 2390 984 2455 cancellarii
1003 2392 1055 2454 dd.
1071 2392 1126 2455 12.
1145 2392 1254 2457 Octobr.

131 2495 233 2557 tect.
250 2494 288 2556 ad
306 2514 353 2557 me
369 2495 538 2561 humillime
564 2497 795 2578 inlrascriptum
821 2498 987 2560 Primatcm
1006 2499 1210 2563 dimissarum
1224 2497 1254 2560 de

135 2601 267 2682 qualiter
298 2602 476 2683 praebenda
508 2606 632 2683 passiva
658 2607 688 2665 in
720 2604 926 2667 conciliandis
953 2608 1071 2668 mixtae
1099 2608 1254 2690 religionis

134 2709 340 2770 matrimoniis
358 2708 539 2769 assistentia
566 2710 707 2789 positivis
735 2710 881 2789 benignis
900 2711 1066 2774 ordinibus
1085 2713 1255 2795 providere,

134 2815 215 2885 imo,
233 2820 266 2875 ut
283 2814 504 2885 informamur,
532 2815 562 2876 in
581 2833 676 2878 sensu
692 2825 1017 2898 praeprovocatarum
1035 2821 1256 2883 Pontifieiarun

134 2918 308 2980 Literarum
336 2936 474 3000 congrua
502 2921 593 2982 etiam
621 2922 702 3001 apud
729 2922 762 2982 C.
795 2923 829 2983 lt.
857 2927 1031 2988 exercitum
1058 2927 1256 3006 militariaquo

133 3023 264 3086 confinia
284 3023 457 3088 clementer
475 3026 644 3106 disponere
662 3028 790 3110 dignata
808 3034 867 3103 sit,
896 3051 912 3092 c
931 3036 1068 3096 retentis
1087 3032 1256 3116 usquehuc

132 3130 311 3209 praeallatis
339 3134 542 3212 processibus
571 3153 676 3196 ansam
706 3138 853 3215 opinandi
877 3149 1081 3205 sumserunt:
1110 3143 1192 3206 Cleri
1208 3139 1255 3200 hor

124 3235 161 3315 in
174 3254 293 3315 genere
306 3239 423 3320 agendi
435 3241 588 3302 rationem
600 3244 659 3321 ipsi
676 3245 768 3304 etiam
780 3242 851 3305 blai.
865 3245 946 3307 Vnae
959 3246 1254 3332 SSmaeimprobari.

219 3342 253 3405 ln
270 3346 428 3410 tantishis
446 3350 585 3420 nostris,
615 3351 779 3428 nostrique
797 3350 878 3412 Cleri
895 3353 1171 3427 tribulationibus,
1190 3372 1254 3437 quas

132 3451 340 3512 continuaein
352 3451 484 3532 publicis
497 3455 701 3519 comitatuum
714 3458 1024 3540 congregationibus
1036 3464 1252 3544 religionariae

133 3553 620 3632 disceptationes,acerbissimae
638 3562 710 3622 item
722 3563 1002 3628 nonmodoiurium
1016 3577 1197 3633 nostrorum
1208 3568 1252 3631 sed

128 3666 160 3718 et
171 3659 349 3741 dogmatum
360 3665 536 3747 rituumque
548 3667 777 3733 Catholicorum
790 3672 1006 3735 vellicationes
1019 3677 1154 3739 mirifice
1166 3667 1251 3740 aun'e·

130 3775 223 3841 runt,
248 3769 277 3830 ld
296 3788 387 3832 unum
416 3773 505 3835 nobis
531 3774 685 3854 reliquum
712 3785 797 3838 erat:
824 3778 904 3857 quod
923 3783 1180 3859 speraverimus,
1203 3799 1249 3865 per

129 3871 299 3954 benignam
321 3877 396 3943 Mai.
415 3878 496 3941 Vrae
514 3879 626 3943 SSmae
655 3900 733 3962 erga
753 3884 892 3946 deinisse
911 3885 975 3948 Sibi
993 3889 1186 3953 substratum
1203 3889 1247 3950 sub

132 3979 290 4054 prioribus
307 3982 408 4064 Regni
427 3985 566 4049 Comitiis
584 3988 665 4070 legis
683 3989 909 4069 religionariae
921 3995 1103 4070 proiectum
1116 3995 1246 4059 edendnm

126 4077 371 4160 Resolutionem,
383 4089 486 4151 habita
499 4092 741 4156 clementissima
759 4097 995 4160 humillimarum
1014 4111 1187 4166 nostrarum
1200 4101 1245 4162 snb

132 4181 182 4243 12.
199 4186 324 4254 ianuar.
351 4204 382 4256 et
398 4195 428 4257 8.-
452 4196 524 4259 illati
550 4198 646 4261 1840.
673 4201 978 4267 Remonstrationum
1008 4206 1046 4280 ἰ)
1074 4210 1241 4279 reflexione,

144 4329 450 4354 ’.Ν-*ψ*

150 4431 153 4438 ·
208 4407 238 4473 *)
258 4412 298 4463 (ll.
318 4416 421 4473 Tonr.2.
450 4424 516 4474 Mon.
543 4429 787 4501 369.01370.pn9.
804 4435 864 4486 698.
883 4437 941 4486 703.
