2798 4852
412 211 759 352 ¹Lara.-

54 471 230 536 nrinlstrurn
247 469 502 551 protestantieom
519 473 579 536 lane
597 474 804 557 copulationis
822 474 935 550 adeat3
960 476 1094 545 ministri
1112 494 1188 539 aca-

54 578 276 649 tholioi‘vero,
293 577 399 663 legam
416 581 616 661 aequalitatis
634 580 674 643 de
690 598 772 645 anno
792 580 885 645 1848.
903 581 934 643 in
952 598 1042 646 suurn
1060 565 1186 647 sensum

57 684 298 768 detorquendo,
315 685 412 748 mixto
428 689 650 761 matrimonio,
668 689 759 752 etiam
777 688 848 752 dnm
865 707 999 770 sponsus
1017 689 1189 754 catholicus

56 800 119 866 est,
132 795 163 857 in
174 793 341 856 obversum
356 793 441 877 legis
460 796 611 859 assistere
627 795 708 859 haud
725 803 905 860 vereantur.
922 795 1035 860 -lano
1048 796 1138 881 leges
1157 798 1187 861 in

55 915 154 965 causa
180 900 345 983 religionis
371 901 475 967 editas
502 903 729 986 interpretandi
755 905 803 967 ius
826 905 886 967 sihi
906 902 1099 987 arrogando,
1118 903 1190 967 anni

58 1006 159 1071 1848.
177 1014 210 1083 §-
222 1008 254 1075 2.
275 1010 306 1073 in
324 1028 373 1073 ma
382 1010 529 1074 nilestum
546 1019 604 1075 art.
617 1011 679 1074 26:
699 1009 817 1090 179⁰s1.
834 1011 1057 1094 praeiudicium
1074 1030 1112 1074 eo
1128 994 1189 1073 de-

55 1121 221 1196 torquent,
249 1117 339 1197 quasi
363 1113 479 1181 omnes
505 1117 613 1201 proles
630 1119 668 1181 ab
686 1118 870 1183 acatholico
896 1125 985 1202 patre
1001 1121 1189 1202 progenitae

55 1222 245 1304 religionem
260 1224 359 1306 patris
377 1224 468 1304 sequi
480 1231 622 1307 possent,
640 1224 916 1305 quemadmodum,
934 1226 1006 1289 dum
1024 1231 1116 1305 pater
1133 1245 1188 1289 ca·

58 1329 194 1394 thelicus
221 1337 288 1403 est,
319 1330 484 1414 utriusque
511 1350 609 1396 sexus
646 1332 753 1413 proles
780 1335 811 1396 in
843 1332 999 1397 catholica
1032 1333 1190 1416 religione

56 1437 230 1520 praecitato
247 1445 305 1500 art.
322 1437 380 1500 26:
400 1437 518 1517 ¹⁷9⁰sr·
536 1439 717 1504 educandae
735 1440 950 1521 disponuntur.
966 1472 1004 1488 -
1026 1441 1102 1515 Quis
1124 1458 1187 1506 non

57 1544 165 1609 videat
189 1546 352 1608 arbitraria
379 1545 557 1610 huiusmodi
574 1549 835 1627 interpretatione
853 1549 1077 1612 saluberrimas
1096 1551 1188 1611 etiam
1294 1541 1296 1546 ’

58 1651 153 1735 leges
179 1669 276 1735 scopo
303 1669 361 1716 suo
387 1653 555 1726 frustrari,
593 1655 850 1737 gravissimisque
882 1656 1191 1738 transgressionibus
1267 1635 1274 1651 ⁸

57 1765 181 1840 portam
212 1759 344 1840 aperiril
832 1764 839 1775 ’
1006 1812 1008 1819 ,

151 1865 212 1931 Sed
231 1866 392 1931 demente
420 1869 513 1930 etiam
538 1867 652 1931 Summi
680 1869 839 1934 Pontificis
857 1869 1002 1954 Gregorii
1022 1869 1075 1932 16.
1097 1871 1189 1936 Brevi

59 1972 246 2056 Apostolico
265 1973 304 2037 ad
320 1974 424 2056 lippos
442 1975 623 2059 Hungariae
640 1995 709 2039 cum
725 1977 935 2042 instructione
951 1976 999 2040 dd.
1019 1977 1068 2041 30.
1089 1979 1189 2061 April.

59 2079 159 2144 1841.
178 2099 327 2163 expressa
346 2083 509 2147 acatholici
537 2084 667 2148 ministri
700 2092 819 2148 tantum
837 2085 868 2148 in
886 2093 1028 2148 extremo
1045 2090 1190 2149 necessi·
1289 2170 1292 2177 Ι

59 2191 133 2252 tatis
158 2206 234 2253 casu
260 2190 363 2254 valide
390 2193 494 2255 mixtis
520 2192 687 2256 connubiis
714 2196 884 2268 assistunt,
911 2196 962 2275 qui
991 2194 1096 2257 solum
1116 2201 1189 2256 lune
1293 2186 1296 2193 ’
1377 2180 1381 2187 ’

59 2294 174 2359 adesse
191 2298 323 2381 supponi
338 2304 457 2378 potest,
469 2298 540 2363 dum
558 2316 692 2381 sponsus
708 2299 799 2364 acath
810 2300 909 2364 olicus
927 2301 1132 2364 sufficientem
1150 2299 1189 2362 de

57 2403 211 2469 catholica
230 2407 364 2469 omnium
382 2408 547 2490 utriusque
574 2424 671 2470 sexus
696 2407 835 2489 prolium
862 2407 1050 2471 educatione
1066 2410 1189 2471 caulia-

61 2531 134 2576 nem
150 2521 315 2595 praestare
332 2512 446 2589 renuit,
465 2531 581 2595 sponsa
601 2531 677 2576 vero
689 2513 844 2578 catholica
861 2516 990 2598 parochi
1007 2517 1055 2578 sai
1065 2517 1189 2597 passiva

45 2622 240 2701 'assistentia
257 2640 321 2686 non
338 2627 561 2699 contentatur;
581 2628 656 2709 tunc
668 2628 771 2686 autem
789 2620 873 2686 nulla
884 2623 973 2704 plane
985 2625 1191 2690 subversatur

59 2731 253 2803 necessitas,
285 2730 361 2792 dum
381 2747 515 2813 sponsus
540 2736 589 2793 est
614 2729 814 2808 catholicus,
849 2749 918 2792 cum
953 2738 1024 2793 tuno
1052 2750 1092 2794 ex
1118 2731 1189 2813 lege

30 2883 33 2897 .
59 2854 170 2901 omnes
184 2838 290 2918 proles
308 2837 463 2904 catholice
479 2841 607 2903 veniant
623 2837 825 2913 educandae,¹
853 2846 883 2900 et
900 2839 1056 2921 parochus
1074 2840 1187 2903 calho-

20 3014 25 3021 ἥ
59 2944 142 3010 licus
152 2947 221 3010 ritu
236 2946 433 3027 praescripto
452 2947 580 3008 assistat
596 2947 804 3008 matrimonio.

104 3072 109 3081 “
152 3051 231 3126 Quia
254 3070 351 3135 porro
376 3071 433 3136 per
460 3050 657 3114 arbitrariam
684 3064 872 3131 sponsorum
887 3042 1187 3134 mixt'ae‘religionis

61 3178 122 3224 seu
137 3138 242 3224 coram
258 3161 412 3224 catholico
429 3158 590 3241 parocho,
606 3176 663 3224 seu
680 3176 787 3222 coram
804 3157 944 3221 ministro
961 3140 1189 3240 protestantico

59 3269 175 3332 iactam
191 3268 418 3349 copulationem
433 3268 599 3348 persvasio
615 3266 714 3348 partis
726 3264 899 3329 catholicae
911 3264 950 3328 de
964 3268 1097 3345 veritate
1115 3266 1188 3333 lidei

57 3366 313 3456 suae'plarimum
329 3360 523 3445 debilitatur,
540 3371 803 3436 indifferentismo
821 3372 1036 3452 amplissimum
1061 3373 1187 3436 somen-

60 3490 126 3548 lum
141 3484 318 3563 praebetur,
336 3482 397 3545 ima
414 3481 567 3545 catholica
585 3497 657 3562 pars
669 3479 836 3545 manifesto
852 3482 1030 3560 apostasiae
1046 3479 1190 3563 periculo

61 3591 254 3674 exponitur3
273 3609 312 3653 ex
328 3607 367 3655 eo
383 3588 454 3670 lllaj.
472 3588 613 3652 Vestram
632 3586 717 3652 Sacr.
736 3586 959 3651 demississime
976 3585 1191 3667 obsecramus,

60 3706 96 3762 ut
115 3699 236 3763 interea
254 3700 365 3771 etiam,
391 3686 491 3761 donec
508 3695 537 3758 S·
556 3695 650 3771 sedes
667 3693 854 3778 Apostolica
878 3694 916 3756 de
933 3695 1190 3759 subversanlibus

60 3804 134 3868 lidei
149 3805 295 3887 periculis
309 3802 431 3867 -melins
453 3791 618 3867 informata
637 3820 693 3865 sua
712 3819 837 3897 quoque
855 3818 894 3864 ex
910 3809 998 3883 partu
1015 3803 1193 3883 eon'gruanr

60 3911 141 3977 malo
153 3912 299 3976 adtulerit
318 3910 477 3998 medelam,
497 3911 659 3974 articulum
672 3908 725 3973 26.
739 3930 766 3972 a.
779 3908 876 3971 1791.
889 3926 958 3970 cum
974 3907 1075 3988 quoad
1094 3911 1191 3972 mixta

62 4023 229 4095 connubia,
240 4027 301 4084 lum
313 4019 404 4083 etiam
416 4018 558 4083 relatead
568 4017 716 4081 oriundas
729 4037 768 4080 ex
779 4017 840 4079 illis
857 4016 972 4097 proles,
984 4013 1190 4078 clementissi-

51 4134 112 4194 ‘ine
128 4131 258 4214 pristino
276 4129 378 4209 vigori
397 4144 454 4189 suo
471 4129 652 4201 restituere,
663 4134 755 4208 alque
767 4125 916 4189 ministris
927 4121 1110 4187 acatholicis
1128 4121 1189 4185 nisi

59 4236 123 4301 illis
134 4237 239 4300 mixtis
251 4242 338 4296 malr.
349 4232 519 4297 assistendi
540 4233 718 4297 facultatem
728 4234 878 4309 tribuere,
892 4234 922 4295 in
935 4231 1045 4311 quibus
1057 4247 1190 4311 sponsus

59 4349 242 4427 protestans
253 4358 314 4405 non
326 4339 457 4403 admittit
467 4342 600 4403 omnium
620 4339 751 4420 prolium
762 4339 948 4402 catholicam
961 4336 1189 4408 educationem,
1220 4323 1222 4327 ⁷

59 4468 177 4534 sponsa
194 4457 295 4513 autem
313 4447 467 4513 catholica
485 4449 609 4530 passiva
626 4447 755 4530 parochi
771 4449 818 4509 sui
836 4445 1017 4509 assistentia
1030 4460 1091 4508 non
1107 4460 1189 4506 con·

10 4610 12 4615 -
36 4602 44 4611 ,
97 4572 257 4642 Recitantium
270 4575 301 4626 de
314 4573 391 4625 Matr.
408 4572 504 4624 Mr'slt‘s.
519 4571 569 4623 111.
944 4570 978 4622 34
