2798 4852
669 261 909 333 -506—

225 464 275 521 est
291 457 343 520 lex
362 455 422 518 14:
442 454 536 517 1647.
555 473 635 537 quae
653 452 829 534 perlegam
846 453 906 516 26:
933 452 1056 536 179⁰s1.
1075 453 1201 518 directe
1216 457 1247 520 in
1262 473 1331 523 oon·

223 562 428 626 firmationem
445 571 637 626 memoratae
652 561 882 629 Pacificatitmis
900 560 1057 626 conditam
1067 563 1100 634 s.
1114 560 1169 624 12.
1186 564 1333 640 roborata,

225 670 306 733 etin
323 685 420 732 sensu
435 667 627 752 praeallatae
644 668 717 732 anni
737 666 840 741 1645„
851 666 1083 731 Pacificationis
1099 669 1133 731 iu
1151 657 1270 733 summa
1284 688 1335 752 ge·

224 775 390 839 neralitate
406 781 559 852 renovata
577 773 704 839 exstitit.
728 773 828 838 Huius
844 773 927 858 legis
944 774 1151 839 fundamento
1169 776 1334 858 complures
1381 778 1385 785 '

150 952 152 956 .
224 880 395 947 Comitatus
412 881 482 946 illos
499 882 672 946 animarum
697 888 881 961 curatores,
915 883 969 963 qui
984 881 1158 947 occasione
1184 881 1338 947 mixtorum

201 980 355 1054 matrim.
379 997 551 1056 consuetos
577 989 662 1055 ritus'
680 989 891 1073 denegarent,
916 990 1052 1055 Actione
1078 989 1164 1052 Fisci
1192 989 1340 1055 conveniri

226 1095 446 1176 decreverunt,
463 1099 501 1161 ab
519 1083 708 1162 executione
719 1099 801 1180 legis
818 1098 845 1160 si
856 1106 920 1163 no'n
937 1097 1102 1176 medelam,
1120 1097 1238 1162 saltem
1252 1097 1343 1161 laesae

34 1242 45 1253 -
129 1261 135 1273 ,
225 1202 308 1287 legis
325 1204 494 1268 vindictam
511 1210 744 1288 exspectantes,
769 1205 899 1269 lnterim
924 1221 1098 1288 processus
1114 1223 1176 1287 per
1192 1204 1344 1269 Cancella·

225 1311 302 1374 riam
312 1311 456 1382 dulicam
474 1314 504 1376 vi
520 1308 685 1393 supremae
701 1314 906 1394 inspectionis
923 1311 1098 1376 Maiestatis
1115 1313 1204 1378 Vrae
1221 1329 1283 1396 pro
1298 1330 1344 1375 cr·

226 1418 339 1500 pianda
366 1419 547 1502 cognitione
573 1419 710 1495 submitti
726 1416 874 1499 depasti,
905 1417 979 1483 inde
999 1417 1130 1500 amplius
1158 1435 1346 1500 nequaquan

226 1506 370 1603 remissi,
399 1533 449 1588 aut
466 1543 599 1611 prorsus
625 1525 788 1589 annihilati
813 1526 914 1589 fuere.
940 1524 1153 1590 Proceduram
1181 1521 1346 1588 istiusmodi

228 1634 310 1697 sicut
334 1651 403 1696 cum
429 1630 583 1716 dignitate
618 1631 764 1713 Supremi
786 1632 960 1715 Dirigentis
984 1629 1159 1695 Dicasterii
1185 1630 1346 1695 conciliare

228 1739 312 1802 haud
329 1737 489 1801 valemus:
506 1740 547 1801 ita
565 1736 696 1802 eandem
714 1741 845 1819 insuper
856 1756 925 1801 cum
936 1745 997 1801 art.
1017 1737 1076 1801 12:
1095 1735 1198 1800 1791.
1216 1752 1346 1823 pugnare

229 1843 515 1925 deprehendimus,
541 1847 572 1909 in
599 1866 660 1929 quo
678 1845 845 1909 statuitur:
873 1863 914 1909 ne
941 1844 1052 1908 cursus
1077 1861 1290 1925 processuum
1303 1858 1346 1926 par

228 1951 366 2034 illegalia
382 1952 528 2016 rnandata
544 1952 749 2037 impediatur;
775 1954 921 2017 iamvero
940 1970 1008 2015 cum
1026 1957 1083 2016 art.
1097 1951 1161 2014 14:
1179 1949 1282 2016 1647.
1291 1952 1346 2032 Ap·

229 2057 373 2140 pellatam
390 2059 543 2123 duntaxat
560 2061 598 2122 ad
616 2060 744 2124 Comitia
755 2058 906 2141 admittat,
924 2065 1033 2147 suapte
1047 2061 1209 2139 sequitur,
1228 2056 1345 2123 manda·

230 2170 291 2230 tum
309 2165 452 2249 quodvis,
469 2169 559 2231 cuius
577 2184 637 2249 ope
653 2180 859 2248 processuum
877 2164 1083 2230 fundamento
1094 2173 1294 2231 memoratae
1306 2165 1346 2229 le·

232 2276 282 2354 gis
300 2274 523 2339 suscitatorum
539 2293 650 2339 cursus
667 2274 844 2356 impeditur,
862 2280 914 2337 aut
923 2273 1017 2338 iidem
1026 2274 1122 2356 plane
1132 2274 1348 2350 annihilantur,

231 2381 356 2464 illegale
368 2399 458 2449 esse.
484 2383 775 2466 Repraesentarunt
800 2400 897 2460 porro
914 2382 1078 2464 multiplici
1093 2383 1170 2447 vice
1187 2383 1345 2447 Counitatus

229 2487 387 2552 Maiestati
402 2489 484 2552 Vrae
494 2512 504 2568 ;
529 2510 589 2553 nec
606 2494 716 2572 ignota
731 2489 788 2553 11111
804 2508 911 2553 coram
921 2487 1086 2552 Maiestate
1097 2489 1162 2552 Vra
1180 2476 1346 2553 exacerba-

231 2595 275 2657 tio
292 2596 353 2669 illa,
372 2616 463 2678 quam
489 2597 669 2661 circulares
687 2597 875 2660 Praesuleae
892 2597 1090 2672 excitarunt3
1116 2583 1205 2678 legis
1233 2598 1342 2659 demum

231 2703 292 2765 26:
314 2702 429 2782 1790ss1.
447 2705 610 2786 dispositio
630 2706 763 2769 obscura
781 2722 854 2768 esse
870 2703 951 2767 baud
969 2705 1080 2784 potuit,
1113 2704 1275 2783 siquidem
1291 2704 1345 2764 eius

239 2811 471 2875 observantiam
499 2812 631 2894 ipsamet
655 2813 803 2893 Maiestas
820 2794 892 2873 Vra
908 2810 1114 2875 Resolutione
1141 2810 1170 2871 d.
1189 2807 1347 2891 27111111.

233 2914 330 2979 1839.
350 2920 483 2982 urserit:
507 2921 556 2982 his
582 2927 684 2982 tamen
712 2919 986 2984 nonobstantibus
1017 2936 1081 2981 non
1105 2925 1231 2979 tantum
1248 2916 1348 2981 nullum

233 3024 401 3088 remedium
418 3027 603 3106 praebitum,
632 3026 688 3089 scd
704 3029 772 3110 ipsa
790 3028 882 3090 etiam
899 3029 946 3088 via
964 3026 1089 3106 legalis,
1109 3044 1204 3106 quam
1223 3024 1348 3088 Comita-

232 3137 281 3194 tus
299 3133 525 3214 sequebantur,
543 3153 613 3197 cum
629 3132 793 3197 manifesto
818 3135 899 3212 legis
915 3132 1111 3216 praeiudicio
1130 3133 1240 3196 multis
1257 3133 1288 3196 in
1302 3148 1348 3194 ca·

235 3238 322 3302 sibus
340 3240 506 3321 praeclusa
525 3243 655 3303 exstitit.

320 3346 459 3410 Historia
489 3350 579 3411 testis
607 3355 674 3425 est,
707 3356 818 3430 quante
838 3367 906 3411 eum
933 3349 1111 3411 constantia
1130 3355 1163 3410 et
1179 3344 1350 3412 fortitudine

174 3447 183 3464 '
232 3450 414 3534 llungariae
431 3455 548 3537 Reges,
566 3453 740 3519 Maiestatis
756 3456 839 3518 Vrae
856 3455 991 3538 gloriosi
1007 3455 1292 3534 praedecessores,
1308 3452 1346 3514 in·

234 3557 473 3638 dependentiam
490 3562 592 3642 Regni
619 3563 711 3625 buius
738 3579 754 3623 a
771 3562 911 3625 Romano
927 3561 1077 3625 Pontibce
1095 3563 1205 3642 quoad
1223 3566 1346 3626 internas

234 3683 307 3731 suas
323 3667 493 3731 relationes
510 3673 791 3752 propugnaverint‚
810 3689 850 3732 ne
867 3672 1011 3733 nimirum
1028 3668 1084 3732 sub
1102 3676 1276 3749 praetextu
1290 3667 1344 3729 Re-

231 3775 358 3857 ligionis
376 3776 504 3838 decreta
521 3777 552 3838 in
569 3778 659 3859 leges
677 3778 780 3857 Regni
797 3778 999 3859 impingentis
1016 3778 1275 3860 promulgentur.
1290 3773 1344 3837 lloc

235 3901 333 3965 scopo
351 3885 594 3947 manutenebant
610 3885 702 3947 iidem
719 3883 893 3948 Maiestatis
905 3882 1275 3949 VraePraedecessores
1289 3898 1346 3963 pre·

233 3993 347 4054 tiosum
363 3989 438 4053 illud
456 3992 515 4068 ius,
530 3992 561 4054 vi
578 3993 666 4055 ouius
683 3990 788 4055 Bullae
805 3999 836 4054 et
850 3991 963 4055 Brevia
980 3990 1141 4055 Pontificia
1156 3991 1246 4055 baud
1262 3990 1338 4052 aliter

234 4117 324 4179 quam
342 4100 471 4161 obtento
487 4098 587 4182 Regio
604 4099 724 4163 indultu
740 4100 892 4181 publicari
909 4105 1054 4181 possunt.
1078 4096 1120 4159 Et
1138 4082 1234 4161 ecce!
1260 4094 1342 4177 Majo-

236 4210 302 4266 stas
328 4205 388 4269 Vra
416 4207 516 4270 Breve
543 4207 732 4292 Pontificium
759 4207 797 4271 de
815 4208 868 4270 30.
888 4206 984 4289 April.
1006 4203 1101 4268 1841.
1119 4205 1281 4270 Altissimo
1296 4216 1339 4263 suo

235 4310 359 4373 Placeto
384 4316 524 4377 munivit.
550 4314 663 4377 Verum
686 4311 808 4393 quidem
826 4320 893 4387 est,
926 4313 1084 4374 Placetum
1112 4331 1183 4376 cum
1210 4312 1337 4373 consuete

237 4418 371 4494 cautela,
390 4420 419 4480 in
439 4431 583 4501 quantum
611 4422 733 4485 scilicet
750 4419 848 4484 Breve
876 4420 1001 4503 legibus
1017 4419 1122 4502 Regni
1148 4419 1230 4484 haud
1246 4416 1336 4479 adver·
