2798 4852
256 301 260 308 ·
519 239 900 379 „rom-N

128 464 232 531 llunc,
246 470 349 532 autem
375 460 428 547 len
453 462 508 541 his,
526 457 632 523 verbis
659 479 678 523 a
701 459 906 524 Generalihus
930 434 1253 545 comitiisfprohanto

124 568 278 651 Principe
294 555 365 645 data
384 575 433 644 est
479 567 608 660 „proles
623 587 674 629 >ex
691 570 794 631 mixtis
821 555 1023 651 matrimoniis
1040 555 1205 651 susceptae
1221 577 1259 634 ct
1373 610 1375 615 ,

121 669 357 764 suscipiendae,
371 677 401 737 si
418 669 511 757 paler
522 674 694 739 catholicus
706 674 811 746 luerit
827 675 908 746 rlhus
919 673 1103 756 religionem
1114 694 1260 758 sequen*
1278 735 1282 741 .

119 793 200 862 tur3
213 787 339 848 sivero
355 789 457 869 mater
473 770 747 854 lueritcatholiea,
763 772 840 844 tuno
858 778 983 865 nonnisi
999 784 1105 865 proles
1123 801 1249 851 mascu-
1228 814 1259 833 ···
1329 842 1336 856 ,

115 892 173 953 lae
188 871 292 971 patris
307 863 497 974 relipionem
517 890 609 985 sequi
618 890 771 977 possint.
760 889 779 920 “
803 886 851 967 lix
866 891 988 983 quihus
994 889 1171 971 Amplitudo
1187 890 1251 953 Tua
1339 923 1343 932 ι
1380 859 1385 869 ἱ

115 1001 279 1080 agnoscit
293 984 464 1101 adauctum
473 996 577 1076 potius
596 992 820 1115 vehementer
812 1011 883 1104 esse
900 976 1022 1097 malurn,
1039 1012 1130 1076 quam
1147 997 1249 1059 immi·
1257 1031 1262 1041 =
1347 1041 1351 1050 .

113 1111 247 1190 nutum
429 1143 436 1173 -,
526 1117 537 1151 -·
734 1115 737 1120 ·
879 1149 883 1156 .
1082 1152 1087 1160 .

207 1211 380 1293 Animum
393 1215 499 1270 tamen
526 1207 733 1289 Amplitudo
721 1209 786 1271 Tua
812 1189 874 1272 non
904 1174 1112 1292 despondeat.
1129 1208 1196 1282 lam
1212 1212 1261 1295 ιιι
1344 1246 1347 1252 ·

114 1337 216 1418 anuo
232 1316 327 1379 1781
346 1315 471 1380 Sancta
484 1315 563 1376 haec
575 1313 681 1377 Sedes
691 1302 888 1399 Apostolica¹
914 1317 952 1378 ιιι
968 1317 1086 1398 Eppum
1110 1315 1250 1407 Praedo
1230 1345 1260 1383 ,-
1368 1315 1385 1348 ”

115 1445 177 1488 ce
183 1430 299 1515 sorem
306 1424 403 1486 Tuum
429 1414 668 1509 lnstructionom
694 1422 782 1517 dedit
788 1428 920 1516 super
915 1422 1087 1489 huiusmodi
1091 1402 1254 1524 negotio,¹

114 1533 217 1596 cuius
236 1533 276 1594 ad
291 1533 346 1594 Te
344 1524 512 1612 exemplar
528 1531 694 1600 mrttrmus
712 1548 755 1592 eo
769 1528 1008 1612 quodperutrlrs
1023 1531 1076 1598 rlla
1092 1531 1159 1611 Trltr
1175 1544 1260 1594 esse.
1298 1547 1301 1552 ·
1390 1541 1396 1551 ’

115 1633 232 1720 potest
266 1639 304 1705 ad
331 1646 413 1702 tuam
439 1638 556 1719 agendi
591 1633 762 1712 rationem
774 1631 989 1718 dirigendam
1023 1645 1114 1722 atque
1140 1613 1251 1701 codem

121 1757 290 1828 tempore
292 1747 341 1812 Te
353 1744 534 1827 participem
548 1739 681 1807 iacimus
699 1746 767 1821 eius
783 1747 947 1846 responsi,
974 1745 1089 1826 quoda
1098 1741 1262 1810 Sanctis-1
1327 1810 1329 1814 ,

116 1859 206 1931 simp
221 1855 363 1943 Domino·
382 1853 501 1934 Nostro
523 1871 555 1916 a.
576 1849 680 1923 lasa,
697 1838 902 1915 vindobonae
928 1844 1169 1931 praedecessori
1184 1852 1249 1915 Tuo

117 1964 234 2026 datum
251 1962 318 2032 luit,
338 1941 645 2048 atquesanctissimo
662 1959 731 2040 ipso
747 1958 913 2021 iubente-a.
928 1956 1021 2020 1783.
1039 1961 1108 2021 eius
1124 1961 1155 2021 in
1171 1961 1265 2022 urbe⁴

114 2070 333 2153 procuratori
344 2067 376 2131 id
392 2052 493 2149 ipsum
504 2059 689 2147 repetitum,
705 2063 1010 2144 c‘urnpraclaudatus
1033 2065 1260 2148 Eppus.prae-'·

116 2176 283 2238 decessor
307 2182 380 2264 tuus
404 2191 462 2254 per
488 2172 652 2249 epistolam
678 2173 866 2235 solutionem
885 2171 1052 2269 'expresse
1077 2163 1251 2251 flagitasset

120 2283 215 2347 dubii
234 2280 424 2353 cuiusdam,
422 2278 666 2362 quodquidam
690 2281 833 2355 dubium,
858 2287 892 2343 ut
917 2258 1248 2363 clariuspercipiatur,
1356 2271 1361 2280 ’

117 2389 239 2453 iisdem
255 2388 306 2463 hic
315 2387 430 2471 verhis
446 2405 483 2459 re
486 2388 595 2460 fertur,
613 2387 724 2475 quihus
742 2388 936 2483 propositum
952 2387 1033 2481 fuit:
1060 2385 1250 2463 „Sciendum
1280 2429 1283 2436 -
1329 2437 1337 2453 ,

116 2505 197 2569 est,
225 2489 319 2575 quod
334 2495 416 2577 apud
442 2510 500 2573 nos
517 2493 711 2557 matrimonia
728 2473 997 2565 Acatholidorum
1004 2476 1072 2580 cum
1074 2485 1250 2557 catholicis
1313 2515 1365 2579 ·.'

119 2619 195 2686 per
204 2600 369 2664 decretum
384 2603 506 2680 regium
522 2599 608 2661 licita
625 2601 709 2678 sint,
736 2597 919 2680 eisdemque
943 2600 1072 2678 parochi
1099 2593 1249 2662 assistere
1305 2679 1309 2684 .

113 2709 287 2797 debeant3
301 2715 394 2793 atque
413 2708 443 2769 si
457 2706 649 2769 acatholicus
666 2687 876 2769 catholicam
868 2725 899 2777 m
917 2707 1144 2794 matrimonium
1159 2706 1250 2768 acci-

118 2819 206 2900 piat,
221 2814 378 2882 masculas
395 2815 526 2895 proles
517 2833 549 2906 m
560 2813 718 2898 religione
735 2832 798 2877 sua
808 2814 955 2882 educare
966 2815 1075 2892 possit
1098 2813 1194 2876 Haec
1196 2831 1261 2887 res<

118 2941 263 3008 gravem
279 2928 385 2986 movet
401 2921 632 2995 difficultatem,
650 2920 822 3002 quomodo
837 2906 995 3003 parochus
1004 2903 1108 2988 natan
1116 2921 1252 2986 ·inlluere

118 3034 162 3094 in
175 3017 331 3109 eiusmodi
348 3011 573 3109 matrimonium
589 3044 646 3106 per
663 3044 749 3088 suam
761 3018 969 3089 assistentiam
984 3029 1094 3106 posslt,
1110 3028 1249 3110 uhiper·
1258 3074 1260 3080 -
1355 3062 1357 3069 ·

117 3153 203 3201 sona
222 3134 379 3205 catholica
398 3139 508 3199 contra
525 3131 748 3214 obligationem
765 3149 887 3194 suam-a
902 3132 1151 3202 naturaindilam
1166 3132 1250 3198 ultro
1293 3163 1295 3168 ·

119 3242 269 3317 adrnittit,
286 3249 321 3304 nt
337 3241 443 3321 proles
460 3257 536 3303 suae
553 3239 743 3306 masculae
736 3258 784 3301 m
794 3216 896 3304 ιιιιιιιιι
912 3239 1069 3321 religione
1085 3242 1248 3303 enutrian-

119 3344 207 3429 tur?
232 3347 319 3413 Hanc
336 3361 463 3428 quoque
480 3347 527 3409 dil
512 3328 690 3423 lficultatem
705 3347 812 3428 Eppus
831 3346 913 3410 Suae
930 3345 1093 3408 sanctitati
1109 3346 1276 3443 Viennae„
1327 3398 1339 3406 .,

121 3448 339 3557 commoranti
353 3450 508 3533 exposuit,
526 3433 669 3534 hancque
685 3454 806 3541 recepit
821 3453 1064 3527 resolutionem:
1087 3455 1172 3539 qaod
1184 3453 1252 3521 Ec·

121 3565 229 3635 alesia
244 3539 427 3636 huiusmodi
441 3563 660 3644 matrimonio,
672 3546 844 3658 qumquam
869 3561 1071 3653 producerasst
1090 3570 1126 3631 et
1145 3556 1248 3643 nequa
1352 3587 1356 3600 ·

121 3666 258 3761 prohat,
266 3669 473 3761 nihilominus
490 3671 564 3732 dam
581 3687 623 3738 ec
637 3658 790 3749 impedire
806 3677 989 3748 noapdtest,
1004 3672 1250 3752 tolerorecopu·
1320 3695 1323 3701 ·
1368 3657 1370 3663 ⁵

115 3786 186 3840 tar.
210 3775 288 3856 lam
280 3776 445 3862 scrupuli
427 3792 548 3837 rcausa
570 3775 770 3852 ineounice
787 3776 947 3854 consistit,
969 3759 1056 3857 quod
1083 3777 1253 3859 parochus·

122 3882 197 3967 sinc
202 3878 360 3972 Episcopi
375 3880 505 3971 licentia
522 3887 574 3944 aut
590 3883 696 3960 potius
711 3889 829 3946 annutu
846 3899 1009 3963 numquam
1025 3882 1080 3946 tali
1091 3885 1250 3946 matrimo·
1311 3907 1313 3911 ⁷
1385 3886 1389 3900 '

121 3992 181 4053 nio
198 3987 340 4069 assistet,
356 3995 411 4070 aut
425 3987 453 4057 si
468 3968 573 4068 lippus
590 3980 731 4081 etiamid
748 3991 892 4080 praecise
910 3974 1138 4068 declaraverit,
1166 3989 1250 4070 quod

121 4096 189 4160 talc
206 4096 433 4160 matrimonium
448 4095 602 4183 impedire
628 4075 783 4185 nequeat,
810 4103 913 4158 tamen
937 4097 1093 4187 parochus
1111 4096 1156 4158 ad
1179 4098 1249 4160 eius
1302 4141 1305 4151 .

119 4203 316 4268 matrimonii
333 4192 582 4285 celebrationem
598 4205 725 4286 passive
744 4221 941 4278 concurrere
955 4202 1067 4274 dehet,
1098 4202 1226 4266 unde
1196 4222 1250 4265 m-

120 4309 220 4372 dotur
235 4310 284 4377 roi
299 4308 472 4395 intrinsece
489 4308 588 4372 malae
606 4313 782 4407 cooperari
807 4311 862 4375 llis
884 4311 996 4393 positis
1022 4310 1133 4374 modus
1150 4318 1188 4379 et
1196 4310 1249 4386 ¹via
1277 4336 1279 4340 ·

120 4415 318 4499 requirenda
337 4423 424 4554 ιιι,Ι
437 4422 474 4522 pt
482 4422 574 4537 certo
591 4417 744 4501 cognosci
761 4420 888 4502 possit,
921 4435 982 4500 qua
998 4424 1062 4482 tuta
1076 4420 1197 4483 ratione
1214 4424 1247 4536 et
