2798 4852
559 208 882 387 &466-1-3'

8 478 17 493 ‘
123 481 325 549 summopere
340 450 484 539 invisam,
502 480 562 525 nec
579 464 656 530 citra
673 440 879 552 graviora'rei
892 462 1076 528 Catholicae
1093 464 1235 532 discrimi-

9 634 12 639 .
131 594 170 640 na
187 574 239 639 diu
255 570 363 636 inillis
379 570 445 635 oris
463 572 658 636 manuteneri
674 587 781 653 posse.
797 569 955 655 -Alioquin
968 571 1012 636 nd
1024 572 1108 637 hano
1126 577 1239 656 potissi·

129 700 212 747 mum
228 677 444 746 declinandam
460 680 518 742 sub
540 677 637 742 finem
662 680 904 744 novissimorum
930 680 1025 764 regni
1052 681 1241 748 comitiorum

10 795 14 800 ’
127 789 298 855 'substrata
312 787 370 852 fuit
394 785 475 878 Suae
492 785 650 868 liajestnti
665 785 729 861 lex,
745 783 777 848 id
795 773 853 869 pro
878 787 987 852 iuloro
1005 787 1199 871 disponens:
1219 799 1245 855 nt

60 954 64 959 .
128 898 223 961 mixta
239 887 557 960 matrimonia'coram
576 894 694 958 Curato
712 899 821 976 sponsi
837 881 1004 973 ineantu'r3
1030 906 1115 977 quae
1132 897 1243 979 quiden

12 1003 18 1103 L
87 1004 94 1017 “
128 1004 183 1068 lex
199 1005 395 1092 sanctionem
411 1002 533 1083 regiam
551 994 655 1066 eotum
673 988 786 1066 sortita
800 1020 864 1068 non
883 1010 942 1077 est,
956 1004 1060 1084 'quod
1072 1004 1246 1088 religiosis·

6 1170 9 1175 ,
128 1113 224 1176 simus
241 1109 388 1189 Princeps
405 1124 469 1171 non
486 1113 597 1189 optare
614 1124 675 1170 non
692 1113 838 1189 potnerit,
856 1117 890 1173 nt
905 1127 964 1193 per
980 1112 1147 1198 praeviam
1164 1112 1242 1196 Apo·

18 1198 27 1300 ⁵,
39 1223 43 1230 '
53 1220 67 1286 ,’
127 1216 258 1286 stelione
275 1213 366 1279 Sedis
382 1212 626 1277 declarationem
641 1213 824 1290 infelicium,
841 1234 923 1296 qnne
939 1219 985 1280 sic
997 1225 1156 1300 nupturae
1173 1225 1245 1305 sunt,

128 1325 351 1411 catholicarum
367 1321 529 1385 mulierum
545 1323 750 1389 conscientiis
764 1305 972 1407 'consulatum
1003 1326 1133 1407 penitus
1157 1334 1245 1391 tamen

107 1422 335 1519 persuadeor,
350 1431 545 1503 sanctionem
561 1428 646 1492 illnm
661 1432 728 1511 ipsn
746 1431 952 1513 peculiarium
968 1436 1060 1517 regni
1078 1432 1174 1498 huius
1189 1434 1239 1498 ad·

15 1575 17 1579 ·
126 1543 303 1621 iunctorum
325 1538 518 1601 necessitate
542 1522 791 1617 extorquendam
802 1554 900 1617 ·esse;
929 1538 1013 1620 quod
1030 1541 1085 1604 ubi
1102 1543 1243 1615 evenerit,

15 1722 23 1739 ,
53 1687 57 1694 =
100 1658 102 1663 '
128 1649 230 1716 nullus
246 1661 378 1727 prorsus
396 1642 665 1725 suppetetmodus
682 1645 782 1713 uirum
799 1644 1008 1731 acatholicum
1020 1647 1155 1713 invitum
1171 1647 1206 1711 nd
1219 1645 1242 1713 id

85 1792 100 1849 Ι·
126 1750 285 1840 cogendi,
318 1742 352 1817 ut
379 1769 415 1815 se
441 1758 513 1816 ante
548 1759 600 1815 aut
625 1761 697 1851 post
722 1753 770 1817 sni
797 1754 1028 1836 copulationem
1054 1773 1116 1836 pro
1142 1740 1241 1822 decla·

40 1940 48 1955 ¹·
126 1865 226 1973 nando
242 1859 461 1942 matrimoniali
478 1854 760 1924 consensn‘coram
777 1860 916 1941 parocho
933 1863 1093 1928 catholico
1112 1864 1211 1928 sistat.

195 1970 278 2034 Cur
294 1975 396 2032 nutem
413 1983 543 2051 spernre
560 1968 700 2043 audeam,
717 1985 767 2031 me
783 1971 910 2050 petitam
926 1967 1173 2036 declarationem
1183 1988 1239 2035 ,-ιι

84 2120 88 2132 ·
124 2078 256 2145 liditatis
273 2074 480 2141 ineundorum
498 2081 587 2137 extra
605 2074 746 2140 iormnm
752 2074 964 2140 'tridentinam
982 2080 1151 2144 mixtorum
1167 2096 1239 2144 con·

39 2248 43 2255 .
95 2211 107 2276 j
127 2178 291 2252 nnbiorum
308 2202 326 2247 n
334 2183 541 2264 benignitate
558 2180 650 2246 Sedis
669 2162 875 2267 Apostolicae
898 2168 1147 2267 impetraturum
1169 2202 1239 2264 esse,

63 2310 68 2323 ·
126 2294 265 2379 pluribus
276 2291 377 2356 adbuc
386 2289 521 2355 inducor
537 2291 722 2380 rationibus
744 2288 1049 2383 Inprimisexistimo
1069 2294 1242 2376 dispositio·

126 2421 196 2466 nem
213 2400 266 2469 SS
282 2399 374 2463 Cone
399 2397 572 2462 Tridentini
598 2398 682 2463 Sess.
705 2397 756 2462 24.
774 2417 844 2479 cap.
865 2398 902 2464 1
921 2399 1037 2464 derei
1051 2400 1142 2466 Matr.
1163 2421 1241 2468 oom-

126 2484 312 2590 prehensam
328 2507 462 2588 proprie
474 2505 513 2567 ad
531 2504 646 2568 mixtae
663 2487 830 2599 religionis
848 2491 1014 2571 connubia
1020 2520 1061 2570 ex
1079 2511 1241 2592 intentione

124 2618 248 2680 Petrum
264 2613 466 2697 Synodnlium
482 2631 517 2676 se
534 2611 614 2677 hand
633 2614 853 2713 exporrigere
878 2615 1076 2679 Perhibente
1095 2619 1179 2682 enim
1194 2615 1242 2678 de·

23 2710 30 2717 ’
81 2754 102 2773 ··
126 2722 203 2789 creti
218 2722 309 2785 huius
325 2729 389 2784 tum
405 2728 504 2798 texto,
520 2729 582 2783 tum
598 2721 739 2801 historia,
756 2722 873 2805 agebat
890 2725 977 2790 ineo
991 2721 1089 2786 Sacra
1101 2722 1237 2804 synodus

125 2830 165 2892 de
180 2830 383 2892 matrimoniis
400 2827 553 2892 duntaxat,
566 2845 643 2909 pore
660 2828 838 2906 catholicis,
854 2830 998 2894 hortatur
1009 2832 1127 2914 quippe
1144 2833 1243 2895 coniu-

1 3017 2 3022 ἵ
41 2936 45 2940 “
67 2988 70 2995 .
125 2952 194 3018 ges,
210 2950 249 2998 ne
265 2940 394 3016 pernota
412 2935 462 3015 sui
476 2951 583 2997 eornm
600 2936 737 3016 parocho
756 2943 787 2998 et
812 2936 979 3018 requisitis
995 2939 1137 3002 testibus
1154 2941 1243 3003 matri-

55 3042 59 3054 '
76 3038 81 3044 ’
125 3029 251 3107 moniali
260 3043 489 3106 coniunctione
506 3049 578 3111 ante
594 3040 856 3125 recipiendnmin
868 3045 984 3125 templo
1002 3044 1245 3111 benedictionem

39 3140 45 3149 “
125 3151 323 3225 cohabitent;
341 3167 431 3230 quam
447 3156 533 3212 certe
552 3148 591 3212 de
608 3150 807 3232 suscipienda
824 3151 885 3214 hnc
898 3151 1132 3216 benedictione
1148 3154 1245 3218 borta-

39 3259 50 3283 ’·
124 3264 240 3326 tionem
257 3273 344 3320 sunm
360 3263 422 3317 tarn
439 3254 613 3318 irrestriet'e
630 3256 750 3319 iactura
762 3273 829 3327 ,non
848 3263 933 3330 erat,
952 3259 979 3319 si
995 3258 1058 3320 hoc
1071 3276 1132 3322 suo
1144 3259 1245 3323 decre-

120 3375 154 3432 to
171 3367 264 3432 etiam
280 3373 367 3429 mntr.
384 3366 475 3428 mista
486 3366 812 3452 respexisset·;seeus
824 3367 906 3430 enim
919 3369 950 3431 in
965 3368 1079 3433 mixtis
1093 3370 1246 3434 connubiis

36 3458 41 3467 ⁸
74 3482 77 3489 “
124 3476 173 3538 ius
199 3481 390 3556 competeret
415 3474 604 3555 coningibus
631 3473 835 3564 poscendae,
871 3474 1023 3556 obligatio
1063 3477 1248 3541 incumberet

124 3583 267 3667 parochis
284 3581 549 3647 indiscriminatim
560 3579 743 3645 tribuendae
756 3583 1000 3647 matrimonialis
1018 3581 1247 3655 benedictionis,

121 3694 245 3772 hocque
261 3698 351 3772 pncto
369 3691 552 3772 principium
569 3689 653 3764 illud,
672 3680 728 3773 pro
745 3708 807 3771 qno
824 3690 944 3756 illibate
962 3692 1137 3756 servando
1147 3689 1247 3757 Summi

122 3799 288 3867 Pontifices
306 3798 478 3881 apostolica
504 3815 627 3877 semper
654 3801 832 3863 constantia
864 3799 1058 3879 invictaque
1077 3798 1248 3866 fortitudine

31 3938 34 3942 ⁸
69 3938 74 3943 ·
123 3907 361 3991 depugnarunt,
387 3907 510 3986 penitus
528 3905 741 3970 subrueretur.
768 3904 955 3988 Sedneque
986 3924 1171 3989 supponere
1186 3908 1246 3971 licat

122 4017 230 4080 Patres
246 4012 420 4097 Synodnles
437 4013 719 4094 praetermissuros
737 4014 851 4089 fuisse,
881 4022 915 4078 ut
931 4031 1041 4078 casnm
1060 4016 1093 4078 in
1110 4019 1191 4082 hunc
1204 4032 1245 4079 cn·

122 4124 304 4188 nonicarum
320 4123 369 4213 de
395 4121 573 4185 huiusmodi
601 4125 803 4187 matrimoniis
830 4125 1032 4187 sanctionum
1061 4126 1243 4208 prnescripta

122 4231 327 4305 refricarent,
344 4249 381 4294 nc
398 4227 554 4310 siquidem
575 4229 743 4309 aliqnando
764 4230 901 4293 ineunda
920 4231 1038 4302 forent,
1063 4237 1242 4314 opportunas

22 4348 25 4353 '
123 4340 229 4414 etiam,
245 4345 278 4399 ut
292 4338 367 4400 iniri
382 4336 516 4418 possint,
533 4339 696 4401 cautiones
713 4336 925 4418 praelinirent.
948 4333 990 4398 Ut
1016 4336 1100 4400 adeo
1117 4335 1239 4420 quantit

123 4442 309 4514 Catholioos
327 4443 499 4507 universali
514 4443 588 4525 lege
605 4444 669 4520 illa,
686 4463 726 4508 ne
744 4462 779 4509 se
790 4446 886 4509 mixto
905 4443 1064 4509 connubio
1078 4445 1184 4528 illiget,
1197 4450 1238 4506 tc·
