2798 4852
587 263 820 338 ..382-

124 446 222 542 blica,
245 457 462 540 religionarias
479 472 551 535 auos
568 457 668 520 isthuc
685 457 776 537 plane
793 473 857 522 non
873 437 1075 540 pertinentes
1086 456 1236 538 'quotino-

129 560 198 634 nias
215 567 371 649 agitatori.
396 561 599 644 Exponuntur
616 561 746 647 quidem,
764 564 845 626 liaeo
871 566 973 628 omnia
1000 570 1112 627 contra
1130 561 1240 628 Guber-

123 676 217 747 nium,
234 673 490 752 exocalivamque
507 668 577 751 lllaj.
604 669 690 732 Vrae
715 667 828 751 SSmae
853 668 1061 748 Palestatem5
1078 667 1138 733 sed
1163 687 1242 734 nemo

12 814 16 819 ·
128 788 187 858 est,
203 780 256 861 qui
272 797 336 844 non
351 776 517 859 intelligat,
533 775 685 858 pleraque
696 782 805 840 eontra
816 793 875 839 nos
886 774 990 859 dirigi,
1006 778 1187 858 inquorum
1199 776 1241 839 ia-

46 954 52 961 ,
130 904 239 951 rorem
256 901 364 950 omnes
391 865 1081 964 benignasnaiviressmaemsotutiones
1108 900 1180 946 oum
1195 899 1241 946 ano

133 992 325 1078 praeiudicio
342 1007 489 1054 emanare
507 996 688 1072 queruntur.
711 989 788 1054 Nou·
800 997 887 1053 esset
904 990 999 1053 etiam
1011 987 1245 1062 nobistlilicrla,

132 1099 230 1180 longe
247 1099 353 1178 plures
369 1095 499 1160 Articuli
517 1095 598 1160 illius
614 1114 672 1179 per
688 1111 745 1160 eos
762 1095 866 1161 iactas,
879 1090 1080 1168 violationes,
1100 1112 1180 1178 qnos
1192 1096 1247 1159 lle·

132 1207 230 1270 olesia
246 1203 407 1267 Catholica
431 1220 489 1285 pro
514 1221 572 1268 suo
597 1220 695 1266 verae
719 1201 805 1282 pacis
831 1190 955 1277 studio,
981 1209 1132 1283 quantum
1147 1209 1248 1283 poten,

133 1312 259 1375 silentio
276 1310 459 1391 plerumque
475 1311 595 1389 premit,
611 1307 738 1389 [eatque
753 1309 928 1397 patienter,
945 1306 1145 1389 producere,
1162 1306 1248 1388 ipsis·

129 1434 191 1500 que
206 1432 387 1496 opponere;
404 1414 464 1478 nisi
479 1431 663 1496 persuasum
679 1415 770 1477 nobis
787 1420 886 1492 esset,
897 1400 1138 1478 controversias
1148 1415 1247 1477 luas·

132 1520 218 1586 moli
235 1540 305 1584 cum
321 1523 472 1584 universo
482 1520 659 1603 Religionis
676 1521 807 1602 negotio
825 1518 864 1582 ad
877 1520 996 1585 civiles
1011 1518 1251 1585 istoslliactales

134 1629 297 1693 Tractatus
315 1632 382 1690 tota
398 1645 454 1691 saa
471 1626 576 1691 indole
593 1646 657 1691 non
673 1628 843 1710 portinere.
868 1627 943 1693 lde'o
960 1644 1024 1692 aon
1040 1634 1150 1709 potest
1164 1625 1249 1693 uoto

132 1752 197 1799 non
212 1732 324 1796 merito
350 1732 469 1807 dolere,
496 1733 689 1812 quodetiam
708 1741 801 1813 tunc,
829 1733 900 1798 duro
927 1734 993 1798 alia.
1011 1734 1113 1816 longe
1138 1731 1249 1819 agenda

9 1888 14 1894 .
135 1847 246 1905 essent
263 1842 294 1903 in
311 1840 559 1922 praesentiarum
575 1839 778 1922 Reipublicae
794 1845 943 1922 negotia,
957 1859 1039 1904 ¹curn
1056 1841 1150 1905 huius
1164 1858 1249 1924 prte-

135 1947 252 2012 iudicio
269 1947 360 2011 novis
376 1949 487 2011 iterum
504 1948 739 2011 eorumstadiis
756 1948 947 2030 impetamur.
972 1945 1251 2028 Quamquamillol

135 2055 235 2137 longe
251 2051 432 2121 dolorosius
450 2053 550 2116 adhuc
566 2053 665 2117 Nobis
682 2071 755 2117 esse
771 2055 876 2134 debet,
893 2055 977 2135 quod
988 2054 1251 2134 irascor-uroque·

134 2167 203 2225 stus
218 2168 250 2223 ct
264 2161 366 2225 studia
383 2178 446 2224 non
462 2168 524 2224 tam
542 2162 604 2234 illi,
638 2179 729 2242 quam
754 2160 878 2241 quidam
895 2161 1079 2224 Catholicae
1096 2158 1250 2224 Ecclesiae

134 2266 188 2328 litii
214 2273 393 2347 proponant
408 2267 518 2347 palam,
536 2274 670 2348 urgeant
686 2267 913 2345 vehementius,
930 2273 1024 2348 alque
1040 2268 1184 2332 animose
1199 2264 1252 2330 eti-

142 2390 190 2463 am
207 2379 364 2443 tueantur.
387 2373 424 2436 Et
450 2391 512 2453 qno
538 2373 661 2439 demum
687 2374 822 2437 redeunt
847 2374 995 2456 querelae
1020 2380 1053 2454 et
1078 2370 1253 2457 gravamiar

139 2479 291 2542 illorum?
316 2481 562 2545 clementissimo
587 2481 738 2546 Domiuel
772 2481 838 2545 Nos
873 2480 1078 2546 ministerium
1104 2481 1253 2550 Nostrum

137 2586 220 2668 quod
236 2606 253 2648 a
270 2587 382 2650 Divina
398 2587 599 2652 Providentia
615 2608 672 2669 per
689 2588 758 2670 Maj.
774 2588 859 2652 Vrae
875 2588 988 2653 SSmae
1005 2588 1253 2658 nominationem,

136 2699 168 2754 et
183 2692 298 2756 Sacrae
315 2691 517 2776 Apostolioae
527 2693 622 2758 Sedis
639 2694 905 2758 confirmationem
921 2693 1017 2758 Nobis
1034 2694 1170 2777 obtigit,
1195 2711 1255 2758 cun

14 2838 17 2843 -
137 2786 239 2862 civilis
255 2800 337 2863 illius
352 2799 435 2884 legis
447 2801 659 2875 observantia,
677 2810 823 2883 quantum
834 2803 944 2865 saltem
962 2802 1139 2866 inDomino
1151 2817 1255 2883 possa·

135 2922 219 2979 mus,
246 2906 485 2990 diligentissime
511 2909 740 2992 coniungimus.
775 2909 845 2972 Non
870 2910 1000 2973 sinimus
1028 2909 1145 2972 deosso
1172 2920 1255 2972 curas

136 3012 278 3079 Nostros
294 3015 471 3099 pastorales
488 3016 536 3088 iis,
554 3033 633 3096 quos
649 3018 714 3079 Lex
731 3017 831 3080 ciuilis
847 3034 909 3080 non
927 3023 1045 3081 tantum
1061 3035 1128 3080 non
1144 3019 1256 3084 salada-

137 3123 195 3196 xit,
212 3122 268 3184 sed
285 3126 379 3186 ctiam
406 3125 541 3188 asseruit
570 3124 773 3186 sollicitudini
788 3125 945 3201 Nostrae3
970 3124 1164 3205 prolesque,
1188 3141 1257 3207 quat

135 3228 190 3290 illa
206 3230 361 3295 catholice
378 3229 558 3294 educandas
574 3234 744 3313 praecepit,
762 3248 825 3294 non
841 3231 972 3293 sinimus
989 3232 1069 3313 eripi
1081 3227 1257 3298 Postumiui

137 3334 257 3401 Nostro
284 3340 460 3421 ingeniosis
487 3339 644 3402 hominum
661 3339 800 3415 ariibus3
826 3338 897 3400 illos
915 3357 933 3399 e
949 3338 1097 3401 fidelibus
1114 3341 1257 3405 nostrisa

23 3462 27 3467 ·
68 3454 76 3485 ·'
138 3444 303 3508 connubiis
320 3463 428 3509 eorum
446 3463 509 3510 non
527 3446 719 3528 impedimus,
737 3446 958 3528 quiprccibus,
975 3446 1258 3513 adhortationibus-

138 3567 200 3630 que
216 3550 340 3614 Nostris
357 3570 419 3616 non
437 3555 612 3629 cesserint3
637 3554 780 3634 aginus,
805 3572 844 3616 ne
862 3560 982 3616 temere
998 3552 1148 3630 deficiat,
1176 3555 1224 3638 qui
1242 3571 1256 3615 r

52 3741 58 3749 ὗ
137 3655 272 3731 Nostra,
297 3675 389 3737 quam
406 3659 502 3721 solam
520 3658 679 3722 credimus
704 3660 876 3723 salvificam
902 3659 1109 3740 loconesse,
1135 3662 1176 3724 atl
1198 3677 1256 3725 ern

138 3766 272 3827 transire
290 3763 375 3840 velit,
391 3764 423 3828 in
439 3783 500 3845 qua
518 3784 581 3830 non
598 3768 658 3828 iant
676 3766 848 3848 periculum
864 3775 1020 3847 putamus,
1038 3766 1098 3830 sed
1115 3772 1256 3833 iacturas

141 3878 285 3935 tenemus
300 3872 373 3936 iniri
389 3873 497 3936 salutis
516 3880 676 3937 aeternae.
701 3875 787 3937 llaec
805 3883 878 3938 sunt
894 3878 1007 3946 omnia,
1034 3876 1066 3938 in
1086 3896 1169 3958 quae
1188 3875 1256 3939 diri-

21 4028 25 4035 .
139 3977 257 4060 giutur
283 3983 463 4061 gravamina
489 3980 624 4045 illorum.
650 3981 712 4047 Sed
737 3988 894 4046 iustumne
921 3990 988 4056 est,
1015 3983 1256 4048 clementissine

143 4081 297 4163 Domine,
315 4094 348 4149 ut
364 4085 434 4150 dum
452 4089 497 4150 sic
514 4089 657 4170 aginus„
684 4089 755 4153 dum
783 4090 989 4154 ministerium
1007 4098 1154 4157 nostrum
1171 4093 1200 4154 io
1214 4089 1253 4158 iis,

71 4180 74 4185 ’
100 4238 115 4245 ..
141 4205 220 4266 quae
235 4190 287 4253 lex
304 4200 356 4256 aut
372 4198 541 4277 praecepit,
559 4203 610 4257 aut
620 4198 791 4278 prohibuit,
808 4205 860 4260 aut
870 4197 1022 4281 permisit,
1041 4203 1251 4265 exeinssenn

71 4354 74 4361 ,
142 4294 316 4374 implemus,
333 4311 501 4383 eapropter
517 4304 653 4367 violatae
669 4305 751 4385 legis
767 4305 1009 4370 insimulemur?
1035 4307 1171 4388 dumque
1185 4318 1250 4367 eor·

37 4497 43 4511 ⁶
142 4401 292 4464 scientiae
324 4415 453 4470 nostrae
484 4409 608 4473 ductum
627 4414 800 4492 sequimur,
833 4420 979 4494 polestne
997 4413 1058 4477 lroc
1076 4410 1244 4480 vitioilotn
