2798 4852
480 264 817 363 ¹--aa1-‚

113 458 249 523 erseibo
273 478 336 524 nur
360 458 570 523 auhnerlrsam
595 461 759 543 gemacht,
785 461 856 524 dass
882 480 918 525 er
944 460 1012 526 sich
1040 464 1119 527 ttber
1136 465 1226 528 diese

113 563 252 630 schwere
267 567 374 631 Silnde
399 571 452 631 mit
469 567 542 632 Gott
566 587 606 632 zu
623 572 803 633 verslthncn
820 571 927 647 suche,
945 571 1008 633 und
1024 571 1110 634 nicht
1128 573 1225 634 aber·
1313 582 1319 601 ·’

119 671 170 733 nul
184 674 287 738 solehe
304 677 448 739 schwere
465 676 641 758 Verirrung
666 677 731 739 sloh
757 696 814 740 zur
829 676 942 740 Schuld
967 679 1112 742 hommen
1129 681 1224 752 lasse,

127 789 199 843 soust
212 784 330 846 hennte
344 782 438 846 keine
452 783 625 868 Schonung
636 784 724 848 mehr
736 786 904 849 eintreton.
922 785 988 849 Der
999 785 1129 850 Hochw.
1142 787 1225 850 llerr
1291 784 1295 793 “

128 883 216 954 bahan
231 891 286 953 hat
301 891 385 954 noch
402 891 451 954 die
469 892 617 973 dortigen
634 894 876 968 Coeperatoren
900 892 980 956 iiber
1005 894 1094 956 diese
1121 895 1223 958 Sacbe

131 1009 160 1054 cu
171 995 321 1071 helehren,
338 999 401 1060 und
419 998 513 1061 ihnen
526 999 779 1078 einzuscbtirien,
797 1000 871 1061 dass
888 1002 934 1062 sio
951 1019 1056 1083 genau
1071 1003 1151 1065 nach
1163 1004 1224 1068 den
1322 1048 1325 1055 -

131 1099 324 1167 lorschrilleu
351 1105 410 1166 der'
423 1105 538 1168 llirche
563 1124 603 1169 zu
619 1106 785 1178 bandeln,·
801 1106 863 1169 und
890 1105 963 1171 Gott
985 1110 1074 1179 mehr
1100 1111 1146 1172 als
1162 1107 1224 1174 den

129 1206 272 1274 llenschen
288 1231 328 1274 zu
355 1212 539 1292 geberchcn
565 1212 679 1276 baben.
705 1213 869 1297 Freiburg,
887 1215 948 1279 den
966 1215 996 1279 6.
1013 1216 1105 1279 Febr.
1124 1216 1221 1281 1846.

128 1314 276 1393 damtuna,
295 1319 495 1399 Erebicchcs.

622 1518 709 1591 515.

126 1701 208 1764 Breve
222 1708 367 1778 Gregorii
380 1708 464 1763 xvi.
478 1706 541 1763 PP.
555 1708 595 1763 ad
607 1708 767 1779 AEppum
779 1707 1029 1779 Frlburgensem
1055 1712 1094 1767 de
1107 1715 1222 1771 mixtis
1317 1744 1321 1751 ·
1356 1674 1359 1681 Ι

385 1817 610 1883 matrimoniis,
624 1818 676 1873 dd.
690 1818 741 1873 23.
755 1816 831 1873 biart
844 1818 935 1875 lslo.

149 2022 154 2029 .
192 1965 365 2048 Gregorius
381 1965 437 2028 Pl'.
454 1964 534 2028 XVI.
553 1972 612 2028 etc.
628 1966 698 2029 Non
714 1966 782 2028 sine
800 1967 890 2048 gravi
907 1969 1000 2029 animi
1012 1971 1111 2031 nostri
1128 1988 1219 2032 moe·
1361 2036 1367 2045 ,

128 2086 179 2134 tore
194 2075 253 2134 iam
270 2071 490 2148 noscebamus,
507 2071 703 2134 Venerabilis
719 2070 839 2143 Frater,
867 2090 945 2152 quae
961 2072 1034 2135 'luis
1051 2075 1153 2137 literis
1170 2078 1221 2141 die
1314 2052 1318 2059 ⁵

126 2175 151 2249 ‚it
166 2181 293 2260 proximi
311 2182 427 2242 mensis
443 2178 546 2242 blartii
571 2178 608 2240 ad
634 2196 693 2241 nos
720 2178 799 2240 datis
825 2178 968 2257 dolenter
994 2180 1155 2261 significas
1181 2183 1219 2247 de

123 2278 292 2365 'bloranda
318 2289 443 2349 inistis
468 2285 845 2375 regionibuscatholioos
871 2288 954 2348 inter
979 2292 1010 2347 et
1027 2288 1220 2353 acatholicos
1330 2308 1334 2315 ·
1359 2264 1362 2271 Ι

115 2420 119 2439 =
138 2397 367 2458 wimoniorurn
383 2394 579 2474 frequentia,
606 2392 706 2472 doque
723 2391 826 2453 civilis
836 2394 1002 2471 potestatis
1018 2395 1050 2456 in
1069 2395 1222 2459 eiusmodi
1326 2434 1330 2441 -

125 2505 215 2581 lphis
242 2502 357 2583 agendi
381 2504 513 2564 ratione.
548 2502 745 2582 compertum
771 2500 852 2562 enim
877 2487 1134 2583 exploratumque
1160 2510 1219 2580 est,
1273 2524 1276 2529 ·
1337 2484 1367 2533 Ψ

117 2606 272 2683 ’,Μὴοίἰοοε
298 2627 356 2672 seu
378 2611 464 2671 viros
490 2624 548 2669 seu
563 2606 731 2678 muliereS,
758 2608 810 2686 qui
835 2608 939 2669 mixtis
965 2608 1082 2687 nuptiis
1098 2616 1217 2672 temere
1306 2664 1309 2669 .
1385 2686 1389 2693 Ι

131 2716 326 2779 contrahendis
344 2732 379 2777 se
396 2733 432 2778 ac
457 2714 575 2795 prolem
592 2712 666 2776 inde
691 2702 922 2793 suscipiendam
947 2714 979 2775 in
1004 2718 1219 2796 perversionis

117 2804 274 2893 ¹periculum
300 2819 461 2898 iniiciunt,
487 2827 598 2883 contra
614 2819 792 2883 naturalem·
802 2819 999 2902 divinamque
1020 2821 1124 2903 legem
1140 2840 1221 2904 pec-

129 2918 188 2991 ttrc.
210 2931 307 3003 Quam
325 2948 401 2992 sane
417 2929 520 3008 legem
537 2934 651 2989 sartam
667 2935 846 3008 tectamque
871 2931 951 2991 tucri
978 2930 1139 2993 contendit
1154 2931 1220 2994 Ec-

127 3026 199 3099 ilctia
223 3044 255 3098 et
280 3036 358 3097 haec
376 3035 558 3115 Apostolica
583 3033 693 3106 Sedes,
710 3053 767 3097 seu
782 3036 813 3096 in
830 3036 972 3117 generali
982 3039 1120 3117 ipsarum
1135 3056 1220 3118 nup-

127 3134 212 3206 litrum
225 3144 457 3227 prohibitione,
485 3160 543 3205 seu
558 3143 591 3202 in
607 3142 825 3216 cautionibus,
850 3158 929 3221 quas
945 3145 1013 3204 iure
1029 3162 1088 3206 suo
1106 3144 1219 3225 exigit,

113 3256 175 3310 -tcm
189 3252 224 3313 ob
242 3269 358 3332 graves
376 3251 496 3330 aliquas
513 3267 626 3311 causas
644 3268 680 3311 ea
708 3248 856 3329 coniugia
874 3266 972 3330 aegre
989 3248 1154 3311 admodum
1171 3252 1219 3312 si·
1301 3232 1312 3281 .'
1379 3264 1383 3269 ·

126 3352 208 3427 titur
222 3360 344 3422 scilicet
360 3375 423 3421 non
440 3356 540 3420 solum
556 3356 728 3419 catholicus
745 3358 860 3417 coniux
876 3356 915 3417 ab
941 3346 1115 3418 acatholico
1139 3372 1218 3434 per·
1295 3364 1298 3369 '

125 3467 258 3529 peninon
273 3468 384 3549 possit,
400 3468 473 3546 quin
484 3467 589 3548 potius
605 3464 658 3526 ille
675 3466 776 3526 teneri
793 3481 828 3526 se
841 3466 923 3525 sciat
939 3463 978 3524 ad
994 3462 1076 3527 hunc
1091 3481 1149 3543 pro
1164 3465 1218 3526 vi-

125 3562 192 3659 libus
206 3575 243 3636 ab
259 3562 369 3638 errore
385 3574 621 3649 retrahendum,
637 3591 747 3634 verum
773 3571 865 3634 etiam
880 3578 914 3634 ut
929 3570 1037 3652 p'roles
1052 3574 1218 3653 utriusque

114 3685 201 3743 ¹iturus
210 3700 250 3744 ex
259 3664 349 3744 hisce
365 3682 569 3744 matrimoniis
585 3680 781 3763 procreanda
793 3682 824 3775 iu
841 3680 1023 3743 Catholicae
1043 3678 1217 3760 Religionis
1319 3700 1321 3705 ·
1338 3690 1358 3765 „j

123 3789 266 3849 auctitare
283 3789 408 3850 omnino
433 3789 563 3850 educari
589 3787 711 3849 debeat.
738 3789 965 3862 Quamobrem,
991 3787 1070 3851 Van.
1097 3787 1217 3858 Frater,
1330 3800 1342 3875 Ι·

120 3892 218 3956 uarius
233 3892 277 3955 Te
302 3895 335 3956 in
350 3894 481 3957 Domino
498 3892 641 3957 laudibus
658 3912 854 3974 summopere
871 3896 1106 3975 prosequimur,
1133 3891 1217 3972 quod
1319 3966 1323 3973 ,

116 4011 162 4077 pro
170 3997 366 4084 Episcopalis
380 4002 426 4064 tui
442 4004 603 4065 ministerii
620 4001 724 4065 cilicio
740 4005 771 4064 in
788 4000 864 4063 tanti
881 4000 1028 4063 momenti
1039 4016 1105 4063 rem
1123 4014 1216 4061 curas
1285 4056 1288 4061 .
1316 4002 1319 4011 '
1364 4000 1398 4093 si

113 4107 376 4189 cogitationesque
391 4109 505 4172 merito
522 4109 735 4181 converteris,
752 4106 913 4169 Ecclesiae
930 4106 1087 4168 domixlis
1103 4100 1217 4169 matri-'

113 4216 211 4281 moniis
227 4213 411 4287 doctrinam,
429 4217 486 4295 ius,
500 4216 742 4296 libertatemque
757 4215 851 4287 tueri,
869 4213 1031 4277 vindicare
1043 4209 1216 4286 studueris,
1298 4216 1317 4299 J

113 4321 312 4405 iopastoruli.
327 4324 443 4386 robore
469 4329 500 4383 et
531 4323 708 4385 constantia
742 4326 873 4383 exortos
909 4321 1026 4382 abusus
1050 4317 1090 4382 de
1114 4314 1217 4384 medio

113 4430 236 4505 ollero‘,
254 4431 384 4525 tumque
399 4431 588 4511 praesertim
601 4427 750 4511 parochis
765 4428 891 4510 saepius
906 4427 1106 4512 praecipere,
1123 4436 1219 4491 mand
1340 4472 1343 4479 ,
