2798 4852
570 259 804 332 -370-

137 457 285 525 iudicium
303 454 403 539 quoad
420 454 554 521 allectus
571 454 678 520 civiles
695 461 781 519 stare
806 453 938 529 debeat,
963 456 1013 518 vel
1029 474 1069 517 an
1087 456 1248 538 spirituales

138 563 293 629 duntaxat
322 563 450 627 inducat
485 563 643 644 sequelae.
676 561 745 624 Jum
772 562 799 624 si
823 564 982 642 posterius
1007 562 1069 627 lucc
1101 569 1251 642 statuatur,

138 656 240 752 euque
267 656 435 736 verborum
459 669 591 748 istorum
615 669 834 750 interpretatio
860 662 1071 752 damippus
1087 671 1250 735 scilicetud

137 776 373 860 agnoscendam
389 775 545 839 talismodi
560 760 680 843 ,vinculi
706 773 888 853 nullitatem
902 774 1040 856 obligari
1059 775 1186 857 quidem
1201 795 1251 841 oc·

105 966 107 971 y
139 885 248 964 quire,
275 885 302 946 si
319 889 422 962 tamen
439 883 500 964 ipsi
526 881 681 944 talismodi
698 862 815 945 vinculi
832 881 1003 943 nullitatcm
1019 885 1133 963 (quam
1151 900 1254 946 secuu-

139 989 210 1054 dum
226 989 299 1054 fidei
316 991 399 1067 ooth.
416 987 563 1070 dogmata
580 988 685 1065 nullus
702 989 929 1065 catholicorum
946 984 1131 1069 agnoscere,
1142 992 1254 1069 potest)

138 1114 203 1160 non
220 1104 407 1177 agnoscant,
426 1114 536 1160 eorum
552 1096 731 1158 sententiae
748 1094 875 1158 nonnisi
891 1093 929 1156 ad
947 1092 1141 1173 spirituales,
1160 1097 1255 1157 neuti-

140 1220 233 1284 quam
267 1209 370 1266 autem
396 1202 436 1265 ad
461 1198 573 1265 civiles
608 1201 741 1264 effectus
775 1203 977 1284 pertineant.-
1015 1202 1255 1283 incongruenter

138 1327 274 1387 prorsus
291 1308 429 1382 dicitur,
448 1309 576 1373 divortii
593 1313 769 1374 sententias
794 1309 918 1371 nonnisi
936 1307 1040 1389 quoad
1057 1307 1171 1371 civiles
1192 1310 1256 1371 clle-

141 1424 210 1480 ctus
227 1414 342 1498 ubique
366 1434 423 1498 pro
445 1416 555 1479 validis
572 1399 756 1490 habendas,
773 1417 848 1496 quin
865 1415 946 1497 Eppi
963 1413 1069 1494 quoad
1086 1414 1253 1496 spirituales

140 1522 275 1586 effectus
291 1522 330 1585 ad
355 1522 512 1586 talismodi
528 1522 646 1586 vinculi
672 1522 845 1586 nullitatam
861 1520 1108 1602 „agnoscendam
1137 1520 1257 1601 obligari

96 1651 98 1655 ·
142 1634 268 1708 queant.
287 1628 362 1689 Cum
376 1628 460 1690 enim
483 1631 590 1708 priore
608 1629 747 1692 membro
764 1628 900 1710 alioquin
918 1631 978 1691 iam
995 1630 1148 1691 universe
1165 1634 1255 1691 slatu-

143 1742 210 1797 tum
227 1736 288 1806 sit,
314 1735 431 1816 ubique
448 1737 577 1798 nonnisi
595 1735 698 1816 quoad
715 1735 849 1799 effectus
866 1735 976 1797 civiles
993 1734 1124 1800 divortii
1142 1741 1256 1798 senten·

142 1843 203 1905 tias
219 1860 277 1923 pro
293 1839 406 1905 validis
424 1859 496 1904 esse
512 1841 673 1933 habendas
683 1862 693 1918 ;
719 1844 795 1905 satis
812 1859 971 1924 superque
985 1844 1044 1905 iam
1061 1839 1138 1905 inde
1155 1840 1256 1903 clarum

144 1957 202 2024 est,
219 1949 324 2032 Eppos
337 1949 444 2030 ‚quoad
461 1951 640 2032 spirituales
658 1949 789 2014 effectus
806 1950 940 2031 obligari
957 1948 1089 2029 nequire
1107 1946 1149 2010 ad
1165 1963 1255 2028 apuu·

128 2055 292 2118 'scandam
318 2054 472 2120 talismodi
499 2057 616 2120 vinculi
643 2056 827 2131 militatem,
858 2074 938 2138 quae
964 2054 1018 2130 tali
1045 2054 1255 2118 sentcntiaest

141 2169 275 2236 asserta,
293 2181 385 2244 quam
403 2161 539 2243 alioquin
555 2164 671 2244 ubique
687 2164 814 2228 nonnisi
831 2164 871 2226 ad
886 2163 1021 2227 allectus
1032 2161 1145 2235 civiles
1156 2159 1250 2222 vulcrc

143 2276 284 2333 notatum
302 2277 360 2332 est.
381 2271 511 2334 Absona
531 2273 611 2334 enim
629 2271 737 2349 evadit
751 2252 883 2353 prorsus
898 2271 979 2333 haec
996 2269 1118 2335 oratio:
1144 2263 1257 2361 divortii

117 2376 319 2449 ,sententiae
345 2376 478 2440 nonnisi·
498 2378 602 2457 quoad
634 2379 767 2441 effectus
794 2379 905 2441 civiles
931 2376 1048 2458 ubique
1073 2392 1133 2455 pro
1159 2369 1255 2435 validis

44 2471 48 2477 ’
143 2481 339 2554 habeantur,
371 2481 475 2562 Eppos
509 2491 611 2546 aulem
637 2481 675 2544 ad
702 2482 934 2564 agnoscendam
966 2479 1125 2563 talismodi
1151 2475 1256 2543 vinculi

142 2589 317 2654 nullitatem
343 2590 489 2672 illamque
517 2592 554 2652 ad
581 2590 754 2653 catholicos
781 2589 1013 2653 extendendam
1040 2588 1186 2671 obligare
1208 2604 1255 2647 ne·

143 2703 260 2778 queant
276 2698 308 2759 in
326 2695 437 2760 ordine
455 2697 492 2759 ad
510 2696 689 2775 spirituales
707 2697 848 2760 elleclus.
867 2729 907 2740 -—
926 2695 1044 2769 Quodsi
1061 2712 1143 2760 vero
1159 2698 1257 2757 virlutc

145 2805 268 2867 articuli
280 2806 370 2868 huius
383 2812 505 2867 asserta
516 2812 657 2885 potestas
669 2803 823 2886 lipporum
837 2824 898 2868 non
910 2795 1258 2886 agnoscendilalismodi

31 2914 33 2918 ‘
144 2909 262 2973 vinculi
287 2909 460 2972 nullitatem
487 2914 636 2973 statuitur
654 2911 692 2973 ad
718 2911 829 2973 civiles
846 2912 937 2973 etiam
955 2911 1090 2972 allectus
1108 2910 1195 2973 iuxta
1210 2924 1258 2989 pa·

145 3017 275 3079 triarum
293 3015 399 3096 legum
416 3018 476 3080 vim
503 3017 680 3098 pertinere:
709 3018 802 3096 plano
828 3018 957 3081 omnino
984 3024 1016 3078 et
1042 3017 1163 3098 liquido
1180 3029 1260 3078 sensu

144 3122 210 3186 lluit
245 3122 375 3201 oratio„
403 3124 474 3186 dum
501 3124 632 3187 dicitur:
667 3123 792 3186 diuortii
819 3124 993 3188 sententias
1017 3125 1149 3188 nonnisi
1171 3119 1260 3205 quoad

145 3229 278 3293 ellec'us
295 3231 404 3294 civiles
422 3231 537 3312 ubique
552 3249 611 3312 pro
629 3231 740 3293 validis
758 3248 832 3294 essc
848 3230 1029 3307 habendas,
1047 3230 1157 3314 lippos
1173 3237 1260 3293 auten

146 3336 186 3400 ad
211 3336 446 3419 agnoscendam
471 3337 625 3402 talismodi
651 3339 769 3402 vinculi
794 3339 969 3402 nullitatem
985 3337 1138 3420 illamque
1162 3338 1199 3400 ad
1214 3353 1260 3399 ca·

59 3434 63 3441 ’
114 3522 118 3527 .
146 3444 282 3507 tholicos
299 3444 528 3508 extendendam
545 3445 679 3527 obligari
696 3445 837 3526 nequire.
853 3446 902 3507 Ita
920 3447 1001 3509 enirn
1012 3452 1102 3525 patet
1113 3444 1175 3523 illa,
1193 3457 1259 3525 quac

144 3553 262 3614 virtute
287 3554 378 3615 huius
404 3551 527 3616 articuli
554 3553 758 3632 agnoscenda
783 3561 832 3616 est
848 3551 997 3634 legalium
1016 3548 1258 3616 fororumetdi·

19 3742 25 3753 „
146 3657 322 3722 vortialium
353 3659 578 3723 sententiarum
610 3657 808 3731 differentia,
841 3659 912 3722 dum
942 3659 1044 3739 primo
1076 3658 1215 3721 membro
1236 3658 1267 3730 iu,

146 3766 289 3828 omnihus
306 3766 384 3829 loris
401 3768 526 3829 nonnisi
544 3765 584 3827 ad
596 3767 705 3828 civiles
722 3765 855 3829 effectus
872 3765 999 3829 divortii
1017 3768 1200 3833 sententiae
1214 3779 1259 3845 pro

74 3919 77 3924 .
147 3871 260 3935 validis
276 3869 438 3935 habendae
456 3878 624 3942 notantur.
641 3873 672 3935 in
690 3872 791 3935 altero
808 3879 912 3935 autem
929 3874 1080 3952 exceptio
1099 3873 1134 3936 lit
1149 3879 1260 3936 seuten-

149 3977 261 4040 tiarum
289 3976 328 4038 ad
352 3976 469 4040 vinculi
494 3976 664 4040 nullitatem
696 3981 921 4058 spectantium,
956 3996 1037 4058 quae
1064 3981 1149 4060 apud
1172 3979 1259 4063 Epptt

97 4108 101 4113 ·
151 4101 318 4175 eorumque
343 4084 537 4148 Consistoria
563 4104 623 4147 nec
649 4087 752 4166 quoad
777 4087 888 4149 civiles
915 4086 1050 4151 euectus
1076 4108 1139 4172 pro
1164 4084 1259 4151 validis

150 4193 281 4268 agnosci
297 4189 415 4255 debere
431 4192 618 4255 indicantur.
634 4191 788 4273 Numquid
804 4194 886 4256 enim
903 4195 953 4256 hic
969 4193 1040 4277 ipsa
1051 4196 1200 4261 articulus
1213 4190 1257 4256 tt:

114 4294 116 4301 '
152 4291 245 4358 1791.
263 4302 292 4368 §-
312 4296 503 4364 lilonicum
519 4297 623 4382 legale
640 4302 672 4363 io
688 4302 794 4364 mixtis
820 4301 1025 4366 matrimoniis
1056 4301 1159 4367 lorum
1173 4302 1257 4383 lippet

151 4404 184 4463 ct
199 4401 336 4482 ipsorum
362 4406 557 4471 consistoria
583 4410 756 4490 agnoscit?
780 4427 859 4492 quros
876 4428 956 4493 ergo
975 4409 1013 4472 ud
1039 4406 1255 4494 agnoscendum
