2798 4852
648 276 801 382 noos„-

130 500 247 563 salibus
264 465 431 582 praestitas
448 499 528 560 inter
546 495 662 558 abusus
680 491 887 556 numerandas
901 502 987 552 esse.
1014 483 1051 562 *i
1069 485 1152 591 ldem
1176 487 1244 568 Epi-

131 623 246 690 scopus
273 605 322 668 dd.
348 605 401 700 27,
427 603 498 666 llaii
516 622 544 665 e.
562 594 588 664 a'.
614 599 849 684 iasaperlr'abita
876 597 1046 697 Maiestatis
1064 594 1147 682 lirae
1165 594 1244 674 paulo

132 721 224 788 ante,
243 717 355 796 quippe
374 713 424 775 dd.
443 710 496 773 27.
513 710 610 792 April.
630 711 666 770 ad
685 725 794 795 oannes
810 705 912 790 Regni
931 704 1056 791 Archi·
1069 710 1101 765 ct
1118 701 1242 782 Episco-

29 828 31 833 '
132 838 188 901 pos
215 821 339 884 dimissa
369 818 592 893 Resolatioae,
626 813 684 886 **)
711 813 790 895 apud
818 812 938 882 clerum
955 808 1245 897 suamcuratumil

134 928 306 1008 disposuit:
332 935 365 990 ut
386 925 579 989 matrimonia
605 925 698 987 mixta
723 921 912 984 benedicere
937 918 1244 999 iraud'praesumant,

134 1041 165 1096 et
180 1042 213 1096 ut
229 1036 434 1096 iuramentum
446 1052 502 1113 per
519 1047 654 1114 sponsos
671 1031 840 1092 occasione
857 1026 1064 1111 copulationis
1082 1025 1246 1106 nuncupari

95 1194 98 1200 .
133 1141 254 1204 solitum
280 1159 342 1203 aon
368 1133 523 1221 tamqnam
549 1139 680 1200 Ministri
707 1139 808 1208 sacri,
836 1135 891 1196 sed
915 1140 1033 1197 tantam
1052 1151 1113 1214 qua
1144 1138 1245 1199 testes,

132 1251 161 1311 ia
179 1246 269 1311 domo
295 1247 466 1327 parochiali
492 1247 609 1325 absque
634 1245 718 1335 omni
736 1261 897 1308 sacrorum
917 1244 1031 1305 rituum
1049 1238 1245 1302 administra-

130 1352 398 1435 atonessadeoque
413 1371 499 1417 mere
520 1349 646 1437 passive
666 1334 940 1439 excipiant‘tre)
958 1347 1247 1429 Episcopnsautem

132 1460 361 1541 Rosnaviensis
377 1444 483 1535 (aune
500 1438 891 1540 Quianaeecolesieasis),
915 1463 947 1518 et
964 1455 1117 1533 Pastores
1133 1452 1247 1525 ,anina-

132 1586 200 1632 ram
216 1568 373 1650 gubernio
389 1548 680 1631 eiusdem'subiecti
698 1566 728 1627 in
745 1566 914 1628 obversum
925 1557 1249 1640 ctaraattsposinonis

131 1676 211 1755 legis
238 1676 439 1738 matrimoniis
465 1676 571 1736 mixtis·
595 1673 674 1735 haud
701 1688 795 1735 secas
822 1672 1028 1739 assistebant,
1053 1687 1147 1749 quam
1164 1668 1189 1730 si
1206 1672 1249 1760 aut

132 1780 413 1871 parsuelvaageliea
441 1779 531 1843 tidem
549 1797 635 1843 suam
652 1785 805 1867 raptasset
816 1823 825 1854 ,
851 1784 903 1841 aut
921 1776 959 1838 de
977 1775 1113 1856 prolium
1132 1790 1248 1836 suarum

134 1887 268 1950 omnium
286 1885 440 1951 catholica
459 1872 840 1951 educatioaerevers'ales
859 1884 1010 1971 dedisset.
1044 1868 1051 1946 s
1086 1862 1088 1867 ⁵

127 2059 133 2067 ,
221 1995 317 2056 Auxit
342 1992 580 2057 sollicitudinem
603 2000 741 2061 nostram
758 1991 807 2066 id,
826 1992 908 2074 quod
925 1992 1043 2054 Primos
1060 1987 1166 2073 Regni
1184 2003 1247 2050 mox

131 2086 366 2191 postle'oaolasa
393 2102 464 2185 anni
485 2092 578 2168 1'840.
603 2092 756 2172 coniitia,
787 2096 981 2164 Conveatnin
998 2096 1249 2161 Ecclesiastioam

27 2214 32 2221 ‘
103 2193 340 2280 celebrando}
368 2205 417 2269 dd.
443 2196 471 2266 ἓ.
497 2206 568 2280 tatii
593 2225 700 2288 param
724 2200 779 2280 (aa
796 2198 1049 2293 memorati'bini
1071 2200 1250 2272 Praesales)

131 2314 327 2402 Eaeyclicam
355 2296 507 2390 ediderit,
534 2311 727 2394 eandemque
749 2310 847 2377 ceteri
863 2311 963 2396 Regni
981 2308 1152 2375 Praesules
1171 2325 1249 2375 sunm

132 2420 288 2495 iecerint,
306 2422 415 2502 sieque
433 2420 483 2500 id,
502 2418 583 2513 quod
601 2423 685 2500 prius
703 2419 833 2483 duorum
856 2418 1007 2482 duntaxat
1024 2415 1246 2500 Episcoporum

242 2666 271 2731 ss)
292 2667 349 2718 vid.
371 2669 439 2719 Ton.
453 2672 478 2719 2.
492 2668 560 2718 allon.
575 2670 637 2721 356.
650 2685 708 2735 pop.
724 2670 786 2718 655.

239 2755 287 2818 **)
306 2757 442 2808 Resolatio
457 2755 522 2807 haec
535 2759 669 2824 sequentis
684 2766 723 2808 est
736 2757 848 2808 tenoris:
862 2755 1041 2818 „altissimam
1056 2754 1249 2807 Resolntionem

132 2846 239 2911 Regiam
262 2849 444 2897 recentissime
469 2846 584 2911 editam,
614 2862 665 2915 qna
687 2845 836 2897 intirrratur:
859 2844 936 2896 Saam
959 2843 1126 2908 Majestatem
1149 2842 1249 2894 SSaaaaa

131 2934 223 2985 eadem
238 2934 314 3000 ipsa,
338 2950 414 2998 quam
435 2938 523 2986 animo
536 2950 582 2986 sao
597 2938 699 3002 penitas
712 2936 814 2987 infixam
836 2950 893 2987 esse
907 2943 933 2986 et
952 2935 1015 2984 alias
1030 2941 1057 2985 et
1070 2949 1158 3000 nuper
1172 2933 1251 2984 medio

130 3023 189 3076 ben.
210 3024 346 3090 Regaliano
361 3025 477 3091 professa
490 3033 547 3089 est,
561 3025 785 3077 observandarum
799 3025 884 3092 Regni
896 3026 984 3091 legum
999 3024 1157 3089 religione,
1172 3022 1251 3092 quoad

130 3128 162 3165 ea
184 3114 281 3177 etiam,
308 3130 376 3180 qaae
398 3115 565 3179 providentia
588 3115 643 3166 divi
665 3119 709 3165 avi
731 3116 771 3166 sui
792 3109 846 3166 fiae
855 3114 1032 3167 stabiliendae
1046 3117 1119 3166 inter
1134 3115 1217 3165 Status
1229 3120 1251 3164 et

130 3191 241 3254 Ordines
263 3204 348 3269 Regni
372 3204 521 3270 Huagariae
546 3214 689 3270 perpetuae
712 3205 862 3256 harmoniae
881 3212 908 3256 et
921 3206 1026 3255 anienis
1040 3205 1131 3271 quoad
1145 3203 1252 3256 liberam

129 3291 266 3356 religionis
288 3293 443 3345 exercitium
466 3294 665 3358 Regaieolarum
679 3293 899 3359 Evangelicorum
923 3304 974 3343 tam
990 3294 1166 3360 Augustanos
1180 3307 1251 3360 quant

129 3377 284 3431 Helveticae
298 3372 465 3432 confessioni
479 3380 639 3430 addictorum
656 3379 768 3445 publicis
781 3381 866 3447 legam
883 3380 976 3431 tabulis
990 3388 1018 3431 et
1029 3380 1054 3431 in
1069 3380 1164 3447 specie
1178 3391 1248 3432 tenn-

129 3465 202 3517 ribas
215 3475 263 3517 art.
278 3468 329 3518 26:
351 3469 435 3528 treta.
448 3469 548 3519 sancita
562 3475 634 3531 snat,
648 3468 829 3530 observanda,
845 3478 872 3519 et
886 3485 933 3534 per
946 3477 1055 3520 cunctos
1070 3469 1100 3520 in
1115 3486 1192 3522 sensa
1204 3469 1247 3519 Tit.

129 3555 160 3604 V.
177 3556 243 3606 2-ae
256 3556 391 3608 observari
405 3557 525 3609 facienda
539 3561 644 3609 attineri
657 3576 663 3619 ;
679 3588 712 3596 -
725 3559 851 3627 quidquid
866 3560 977 3626 proinde
991 3576 1005 3610 a
1019 3576 1112 3611 norma
1127 3561 1175 3613 hae
1186 3560 1249 3625 legi·

128 3644 192 3694 timo
205 3647 353 3712 ceteroquin
368 3649 446 3698 etiam
461 3663 507 3698 usn
522 3657 672 3699 consecrata
687 3649 808 3715 divergit,
823 3659 872 3700 noa
887 3659 986 3701 tantam
999 3651 1137 3702 Altissimo
1148 3665 1248 3703 asseram

128 3747 174 3782 sao
187 3731 299 3800 probare
309 3751 360 3785 noa
375 3752 461 3800 posse,
478 3753 568 3788 verum
582 3738 722 3789 districtim
738 3740 817 3801 velle,
832 3749 876 3801 ut,
892 3740 961 3807 qaod
973 3742 1172 3800 sanctimoniae
1185 3738 1246 3805 legia

128 3817 206 3872 huius
219 3821 331 3874 debetur
353 3824 509 3893 obsequium
522 3864 530 3890 ,
552 3827 638 3878 eidem
653 3844 704 3896 per,
714 3832 821 3896 quosvis
835 3830 923 3880 Status
937 3839 964 3881 et
977 3828 1090 3881 Ordines
1108 3834 1158 3883 rite
1173 3843 1241 3896 prae·

129 3914 229 3974 stetur,
251 3919 330 3977 atque
351 3911 490 3964 districtim
513 3917 725 3983 praecipiendum
741 3918 932 3981 commisisse,
957 3928 984 3969 ut
1005 3921 1037 3970 ad
1051 3919 1243 3972 observantiam

128 4007 348 4062 praeprovocatae
372 4002 439 4067 legis
467 4007 555 4054 cuncti
579 4005 717 4057 Archi-et
738 4005 864 4074 Episcopi
895 4022 926 4058 eo
949 4005 1039 4058 addito
1065 4009 1241 4061 reflectantur.

128 4089 249 4136 testatam
272 4086 431 4142 Eorumdem
454 4095 480 4142 in
504 4103 565 4144 stota
588 4083 655 4146 Siras
684 4096 826 4147 Maiestatis
846 4097 943 4148 SSmae
967 4101 1183 4162 promtitnalinern
1203 4109 1241 4163 per

128 4168 244 4224 Eandem
259 4175 291 4226 ab
304 4191 355 4241 ea,
375 4195 424 4246 qaa
438 4181 499 4232 hoio
511 4199 574 4234 snae
588 4184 741 4251 obligationi
754 4186 954 4252 responderint,
968 4191 1160 4255 promtitudine
1173 4191 1240 4243 nanti·

128 4259 220 4310 endam
232 4277 307 4314 esse:
330 4265 473 4320 Consilium
488 4273 537 4322 hoc
553 4273 579 4323 l„
594 4273 823 4340 R.·praesentihns
844 4277 1058 4342 perscribendam
1075 4282 1182 4334 trahet.“
1195 4279 1241 4331 aa·

129 4344 176 4399 dae
188 4384 195 4410 ,
209 4349 252 4399 27.
268 4351 330 4415 Apa.
346 4354 423 4409 1839,

235 4431 301 4499 aaa)
323 4438 380 4488 vjd,
395 4441 461 4493 roan.
477 4447 502 4496 2.
520 4446 585 4499 allon.
602 4451 662 4500 357.
679 4470 738 4520 pap.
754 4453 814 4504 661.
