2798 4860
583 266 814 341 -497-

115 454 232 517 licae“
250 463 396 529 utuntur,
414 468 624 542 receptaeque
642 481 753 528 nornen
769 483 832 529 aron
850 485 897 541 cr
925 475 1031 557 utpote
1057 489 1175 535 summo
1199 473 1257 537 Dei

112 561 198 644 opt
227 577 359 627 munere
383 583 487 647 regno
514 587 551 630 ac
576 571 822 636 institutionibus
850 579 966 639 nostris
985 585 1168 643 coaevaeet
1166 581 1254 667 pri-

109 670 248 732 maenis
263 671 509 736 institutionibus
525 679 640 740 nostris
657 678 765 741 intime
782 697 901 753 nexae,
928 683 984 745 sed
1000 683 1149 746 duutauat
1166 660 1254 749 llelv.
1313 744 1316 749 .

109 785 148 839 et
167 776 262 859 Aug.
279 777 370 841 Conl
396 780 561 864 religioni
569 783 714 848 tribuunt.
740 786 813 848 Utut
840 805 935 868 parva
952 791 1031 852 haec
1049 791 1134 862 sint
1160 793 1253 854 nobis

107 891 230 947 tamen
257 885 386 950 silentio
403 904 464 949 uon
490 892 561 952 esse
578 892 811 972 praetereunda·
825 894 1031 974 videbantur3
1055 897 1254 977 nequeenim

107 992 270 1063 deerant,
288 996 340 1074 qui
356 993 524 1067 cuiuslibet
542 998 721 1063 occasionis
739 1003 1001 1082 opportunitatem
1028 1006 1058 1067 in
1075 1022 1141 1067 rem
1162 1021 1252 1066 suam

107 1096 309 1175 vertentes,
335 1115 372 1161 eo
389 1101 477 1180 ipso,
504 1104 588 1184 quod
614 1105 685 1167 ben.
704 1107 783 1168 baec
798 1107 867 1168 Res.
894 1109 1056 1188 perlectae
1072 1111 1251 1209 reciproci-

107 1208 214 1276 tatis,
232 1204 308 1270 licet
324 1206 424 1270 solum
440 1208 479 1269 ad
507 1210 639 1288 prolium
657 1231 675 1273 e
693 1215 796 1276 mixtis
814 1223 901 1277 matr.
929 1223 1152 1297 prognatorum
1169 1217 1251 1280 edu·

107 1315 281 1405 nationem
297 1318 478 1387 restrictae,
506 1321 682 1392 meminerit,
700 1325 938 1403 opraeattactis
955 1324 1065 1404 hisque
1083 1326 1246 1405 posterio-

107 1421 210 1484 ribus
227 1421 334 1485 verbis
360 1422 482 1502 plenam
499 1424 734 1508 perfectamque
752 1429 833 1491 iuter
851 1429 1051 1503 entheticus,
1067 1437 1099 1492 ct
1115 1430 1248 1494 aliarum
1367 1430 1375 1441 “

107 1526 314 1610 religionum
332 1529 496 1592 asseclas
488 1533 599 1594 turium
626 1533 847 1612 aequalilatem
865 1553 901 1598 ac
919 1536 1166 1600 communionem
1184 1555 1245 1628 en-

107 1627 271 1716 sculpere
287 1637 410 1699 connisi
428 1644 511 1699 sunt
944 1660 946 1665 ·

212 1741 298 1804 llaec
316 1751 388 1805 suut
403 1763 451 1820 ea,
462 1744 543 1825 Aug.
555 1746 715 1826 Princeps,
733 1766 813 1830 qaae
830 1750 862 1810 in
879 1750 1040 1832 sequelam
1056 1750 1250 1832 praecitatae

108 1846 196 1914 ben.
208 1849 283 1912 iles.
301 1853 540 1915 estrictissimae
551 1855 751 1936 obligationis
762 1862 890 1919 nostrae
912 1875 1008 1919 sensu
1025 1857 1163 1936 benigno
1179 1856 1251 1936 lllaj.

107 1955 152 2019 V.
167 1936 259 2022 Sacr.
277 1959 396 2021 obtutui
406 1957 632 2023 substernenda
645 1963 716 2024 csse
727 1962 915 2040 censuimus,
926 1963 998 2043 ldaj.
1011 1962 1047 2022 V.
1065 1962 1152 2026 Saor.
1170 1977 1248 2040 pro-

107 2063 305 2130 fundissima
317 2066 568 2143 cumbumilitatc
579 2067 618 2129 de
629 2084 714 2149 genu
731 2075 913 2144 exorantem
926 2075 958 2130 ut
974 2062 1005 2131 in
1022 2067 1124 2130 danda
1142 2067 1250 2134 nelors
1318 2093 1321 2098 ·

110 2160 274 2236 ulteriore
298 2173 460 2236 benitas.
479 2175 517 2236 ad
542 2174 599 2237 b'as
615 2172 767 2237 demissas
793 2180 920 2238 nostras
940 2174 1248 2250 animadversiones,

111 2287 215 2362 prout
231 2279 323 2341 etiam
341 2279 378 2341 ad
396 2282 541 2360 superius
553 2287 687 2343 attactas
705 2281 996 2344 demonstrationes
1013 2276 1260 2365 nostras'ctam

107 2385 308 2459 reflectere,
333 2405 394 2449 una
409 2406 496 2451 ⁴vero
520 2387 888 2480 postqnam'lideliaaimu
918 2388 988 2469 blaj.
1018 2389 1055 2449 V.
1074 2389 1242 2451 Procerum

108 2491 239 2556 Tabula
254 2482 303 2556 his
318 2511 448 2574 prorsus
465 2494 574 2557 diebus
586 2513 868 2576 magnerensensu
879 2496 1070 2572 enunciavit,
1087 2498 1118 2560 in
1129 2501 1257 2575 negata·

110 2617 175 2681 per
201 2599 328 2664 clerum
344 2603 430 2663 mixt.
448 2608 538 2663 matr.
557 2601 776 2666 benedictione
789 2601 902 2666 nullam
918 2618 1052 2683 prorsus
1068 2601 1249 2663 subversori
1356 2676 1361 2685 ι

110 2707 201 2791 legis
217 2707 309 2787 relig.
321 2709 551 2784 infractionem,
564 2724 696 2790 eumque
714 2713 744 2773 in
757 2708 976 2791 dispensandis
988 2711 1075 2771 iuxta
1086 2724 1240 2770 cauonmn
1329 2703 1331 2707 ’

114 2816 318 2899 praescripta
337 2817 436 2880 sacris
453 2815 563 2880 ritibus
579 2835 635 2898 per
652 2816 758 2899 legum
784 2816 920 2880 civilium
947 2804 1169 2896 dispositiones
1186 2831 1243 2874 ar·
1322 2802 1330 2810 ’

116 2923 200 3002 ctari
218 2939 397 3005 nonposse‚
412 2931 660 2988 erectascontra
677 2925 800 2988 Clerum
812 2944 847 2987 ac
860 2943 916 3005 per
933 2928 1164 2993 concernentes
1184 2919 1242 2982 Ju-
1328 3007 1329 3010 Ἴ
1376 2972 1379 2977 ,

114 3029 324 3095 risdictiones
348 3029 445 3094 altiss.
471 3029 554 3094 Loco
580 3032 753 3093 submissas
777 3028 895 3093 Causas
921 3047 980 3109 pro
1009 3024 1157 3110 supremo
1183 3042 1241 3086 auo
1286 3122 1289 3128 Ι

116 3145 234 3203 contra
250 3138 407 3220 illegitima
423 3139 556 3211 iudicia,
573 3139 817 3220 illegitimasque
844 3131 1051 3198 executiones
1069 3130 1257 3228 protectio-v

115 3263 189 3308 nem
208 3244 407 3326 impendendi
425 3247 491 3307 iun-c
509 3236 735 3327 benignissime
754 3244 934 3305 amnistiare
952 3239 1109 3322 dignetur.

538 3490 543 3497 .
607 3499 610 3505 .
639 3439 728 3513 607.

117 3604 315 3707 Euunclatio
329 3631 483 3687 Primatis
496 3629 600 3700 Regni
619 3594 726 3701 quoad
740 3627 884 3689 alterum
897 3604 1141 3683 Resolutlonem
1155 3619 1194 3677 tt.
1208 3620 1250 3679 de

116 3722 170 3778 25.
183 3694 294 3779 mortu
315 3720 429 3778 4844.
420 3736 452 3775 ιιι
466 3720 616 3778 sessione
643 3714 821 3774 Procerum
834 3715 903 3773 lob
923 3715 974 3821 die
987 3714 1039 3770 22.
1052 3710 1139 3796 Junll
1152 3700 1242 3765 1844.

636 3808 733 3864 lactu.

210 3977 307 4050 Ouum
328 3955 457 4039 arduum
483 3978 543 4047 sit,
569 3930 786 4053 quaestionem
811 3970 851 4035 de
877 3969 1063 4035 educatione
1095 3961 1248 4043 religiosa

117 4082 252 4169 prolium
269 4103 287 4146 e
305 4084 407 4146 mixtis
434 4081 637 4171 matrimoniis
664 4081 756 4160 plene
774 4096 811 4140 ac
826 4078 912 4140 iuxta
929 4071 1119 4141 desiderium
1136 4065 1260 4133 cuinam

116 4192 197 4267 libet
213 4194 311 4272 partis
330 4188 481 4268 definire,
509 4209 526 4252 e
552 4188 712 4270 praesenti
739 4202 864 4267 quoque
889 4172 1154 4249 desolationes.
1171 4171 1250 4235 satis

116 4297 317 4379 intelligitur.
344 4329 389 4342 —
414 4298 666 4378 Angustissimus
691 4295 840 4357 Dominus
866 4294 976 4353 noster
1001 4283 1095 4351 talem
1123 4279 1252 4348 modum

117 4401 181 4469 boo
194 4405 230 4467 ‘la
246 4405 359 4469 merito
383 4399 463 4466 inire
480 4402 598 4479 voluit,
623 4403 674 4482 qui
703 4399 864 4480 principiis
882 4396 1079 4485 diversarum
1097 4386 1264 4469 Religio-i

107 4548 257 4625 opacam,
270 4508 300 4598 aas
313 4543 390 4598 uter.
426 4543 523 4595 usaria.
541 4541 589 4592 ιιι.
850 4581 855 4589 ,
960 4532 995 4584 aa
