2798 4860
577 317 628 344 ¹·-
660 278 738 359 608
771 319 814 340 -·

648 583 735 659 630.

135 763 356 821 Contradlctlo
378 758 606 817 nonnullorum
620 756 863 814 catholicorum
879 757 1209 840 determinationibus
1225 762 1252 816 ln

293 851 425 925 praevia
437 849 746 923 Repraesentnlloue
760 850 919 906 contentis
933 851 1097 922 opposita.

221 1036 414 1118 infrascripti
433 1030 945 1116 determinationibuslnctytorum
963 1034 1104 1101 Staluum
1117 1044 1150 1100 et
1162 1035 1250 1100 Ordi-

135 1163 205 1208 nnm
222 1144 326 1226 Magni
347 1146 447 1207 huius·
463 1144 659 1223 Principatus
684 1142 933 1206 Transsilvaniae
961 1141 1072 1205 diebus
1101 1140 1154 1204 30.
1177 1143 1251 1205 Junii

135 1257 165 1313 et
180 1252 210 1312 2.
226 1248 299 1312 Julii
316 1269 343 1312 a.
362 1268 390 1311 c.
416 1248 549 1325 (1842.)
572 1251 654 1312 circa
680 1247 854 1338 Religionis
872 1251 994 1313 obiecta
1020 1250 1201 1331 pluralitate
1224 1251 1250 1313 in

35 1422 39 1428 ,
134 1375 172 1420 ec
191 1356 346 1420 delinitis:
363 1365 395 1420 ut
413 1361 447 1430 a)
465 1355 528 1420 Sex
545 1350 805 1419 hebdomadarum
822 1357 988 1421 instructio
1004 1359 1066 1430 iis,
1085 1360 1141 1438 qui
1157 1357 1249 1420 Fidem

133 1464 350 1529 RCatholicam
376 1464 544 1542 deserere,
577 1471 608 1526 et
634 1464 722 1527 aliam
749 1467 780 1527 in
807 1465 846 1527 Μ.
863 1465 960 1527 hocce
977 1465 1084 1527 Princ.
1102 1472 1249 1546 receptam

119 1599 120 1602 ¹
136 1573 279 1654 amplecti
295 1573 412 1635 vellent
428 1557 634 1654 religionem,
652 1579 817 1652 antequam
835 1572 873 1634 ad
896 1591 964 1642 eam
981 1572 1171 1650 transirent,
1188 1574 1249 1653 ipsis

136 1678 231 1742 ductu
257 1679 485 1742 Aliissirnarum
518 1676 753 1742 Ordinaticnum
785 1675 1006 1759 impertienda,
1043 1686 1075 1741 et
1108 1681 1249 1743 hactenus

97 1766 100 1773 ⁴
135 1785 213 1866 apud
230 1782 435 1851 RCatbclicos
451 1789 582 1868 vigens,
600 1781 732 1867 'penitus
757 1785 903 1863 tollatur3
922 1788 958 1859 b)
977 1790 1009 1851 im
1027 1788 1138 1850 mixtis
1155 1788 1249 1850 matri·

134 1895 243 1956 meniis
261 1893 416 1974 copulatio
433 1911 491 1976 per
506 1893 666 1975 utriusque
691 1893 852 1975 religionis
878 1895 1039 1976 parochos
1067 1900 1246 1978 peragatur;

133 2006 168 2076 c)
187 2020 301 2066 causae
320 2021 337 2063 e
354 2003 458 2063 mixtis
485 2000 687 2064 matrimoniis
714 2001 896 2065 exoriturae
916 2019 978 2082 vper
995 2003 1169 2084 utriusque
1184 2001 1245 2066 reli·

133 2111 235 2191 gicnis
252 2107 443 2172 Consistcria
461 2107 688 2186 diiudicentur;
704 2106 740 2182 d)
758 2107 857 2171 Breve
874 2108 1099 2191 Apostolicum
1118 2107 1240 2193 Gregorii

132 2215 210 2280 XVI.
236 2216 363 2279 Romani
398 2216 554 2280 Pontificis
591 2235 685 2298 super
710 2216 908 2297 copulatione
934 2219 1032 2280 mixta
1067 2216 1239 2282 matrimonia

134 2326 322 2388 contrahere
340 2324 509 2388 volentium
535 2332 727 2403 amancium,
755 2323 792 2386 ad
819 2316 985 2389 Praesules
1002 2325 1119 2408 Regni
1132 2327 1243 2406 ilunga-

134 2432 201 2495 riae
218 2433 394 2508 dimissum,
429 2452 466 2494 ac
491 2434 591 2514 Regio
619 2433 745 2497 Placete
772 2434 946 2513 provisum,
974 2435 1145 2517 subsequa
1162 2440 1246 2496 autem

134 2541 223 2602 eliam
240 2540 424 2623 perExcell.
437 2541 471 2603 ll.
484 2541 667 2621 Episcopum
684 2541 742 2603 RC.
761 2541 884 2604 Transs.
906 2541 1104 2621 publicatum
1122 2541 1248 2604 revocari

133 2645 293 2725 iubeatur3
313 2651 348 2720 e)
375 2647 562 2710 Sacerdotes
580 2646 754 2710 RCatlrolici
770 2650 1093 2712 mixtis-matrimoniis
1106 2650 1248 2728 denegata

133 2755 351 2818 benedictione
378 2763 410 2818 et
434 2757 558 2837 passive
584 2762 700 2818 tanturn
736 2755 922 2820 adsistentes
957 2774 1084 2836 poenae
1114 2756 1250 2818 Uladislai

133 2861 224 2924 Decr.
242 2862 288 2922 Vl.
309 2870 364 2924 art.
383 2862 412 2923 8.
431 2864 563 2925 dictatae
590 2865 788 2926 subiaceant:
813 2866 960 2925 assentiri
979 2866 1248 2946 acquiesce'reque

133 2975 348 3048 nequeuntes3
376 2972 488 3030 motiva
514 2987 591 3032 vero
617 2976 647 3031 et
673 2976 853 3050 argumenta
880 2989 896 3031 a
922 2969 1012 3032 Statu
1039 2960 1203 3034 Catholico
1229 2991 1249 3034 a.

133 3074 229 3136 1811.
247 3074 321 3137 lncl.
341 3074 476 3138 Statibus
494 3083 524 3138 et
542 3076 708 3139 Ordinibus
726 3080 758 3140 in
776 3077 859 3140 Sess.
879 3076 953 3139 201.
972 3077 1160 3141 diaetaliter
1177 3100 1248 3143 con·

135 3183 307 3247 sidentibus
324 3188 435 3266 partim
452 3186 630 3259 substrata,
656 3188 768 3264 partim
787 3186 877 3247 etiam
897 3186 1019 3249 solenni
1038 3187 1249 3269 protestationi

34 3285 36 3289 ’
134 3289 215 3355 Suae
232 3292 343 3356 SSmae
360 3291 512 3355 llaicstati
537 3292 656 3374 Regiae
674 3293 765 3355 ductu
784 3294 863 3374 legis
882 3292 933 3354 11.
954 3311 982 3353 a.
1006 3293 1104 3356 1791.
1122 3294 1249 3358 submis-

133 3419 187 3464 sae
205 3399 293 3470 illata
306 3400 389 3464 velut
406 3420 422 3463 e
441 3402 599 3483 principiis
618 3408 648 3462 et
666 3401 864 3482 dogmatibus
882 3401 1060 3482 Religionis
1080 3403 1249 3466 Catholicae

132 3507 217 3571 nullo
244 3527 376 3588 umquam
402 3516 542 3591 tempore
567 3509 709 3588 nullaque
734 3509 773 3569 ob
807 3508 948 3571 adiuncta
976 3510 1180 3573 mutabilibus
1208 3512 1249 3571 aut

134 3616 332 3681 variabilibus
345 3616 540 3697 profluentia,
553 3618 724 3697 patriisque
737 3616 859 3698 legibus
876 3617 1047 3680 irradicata
1068 3619 1247 3699 amplecten-

131 3733 198 3805 tes3
224 3745 281 3798 eo,
309 3725 391 3806 quod
419 3725 541 3807 singula
559 3726 637 3787 baec
663 3725 931 3788 determinationis
958 3726 1085 3788 obiecta
1118 3724 1246 3789 invaria-

130 3835 200 3896 bilia
219 3842 310 3916 atque
332 3833 531 3897 immutabilia
543 3831 680 3896 eiusdem
703 3832 906 3896 RCatholicae
927 3816 1102 3915 Religionis
1115 3835 1246 3914 dogmata

131 3956 186 4018 per
204 3939 293 4022 leges
310 3941 428 4020 patrias
454 3941 597 4022 generali
623 3939 797 4020 Religionis
826 3939 1034 4003 RCatlrolicae
1061 3943 1246 4004 nominare·

137 4055 243 4127 cepta,
261 4049 406 4110 exercitii
423 4048 619 4127 aequalitatis
638 4050 704 4110 iure
721 4050 867 4126 provisa,
887 4047 1102 4130 articulosque
1121 4047 1207 4122 fidei,
1223 4046 1245 4104 ia

132 4158 240 4233 quibus
257 4156 386 4219 libertas
407 4159 618 4219 conscientiae
644 4157 820 4217 irrestricta
848 4174 884 4216 ac
911 4155 1005 4219 ductu
1025 4159 1118 4219 etiam
1137 4154 1245 4235 patria·

130 4281 197 4323 rum
214 4263 318 4346 legum
336 4266 423 4328 salva
450 4283 519 4327 esse
547 4265 658 4337 debet,
686 4269 870 4346 tangerent3
893 4263 1092 4344 Religionem
1118 4258 1243 4325 RCatbo·

131 4370 222 4432 licam
239 4370 414 4451 premerent
425 4395 434 4451 3
454 4375 520 4436 eius
539 4371 710 4435 secundum
728 4371 865 4434 eiusdem
884 4370 1035 4450 dogmata
1054 4391 1090 4434 ac
1107 4362 1242 4452 principia

122 4480 388 4568 profluentesque
415 4501 457 4547 ex
468 4481 520 4546 bis
534 4483 569 4545 in
595 4479 856 4547 administratione
883 4478 1157 4544 Sacramentorum
1183 4475 1244 4537 ritus
