2798 4852
579 232 808 330 -tts-

128 470 191 538 que
209 449 353 530 decisum
367 466 431 515 non
448 438 517 530 est,
543 450 710 535 variatque
727 449 766 514 de
782 466 821 513 eo
840 451 1073 534 Theologornm
1090 436 1208 529 opinio,
1225 459 1256 515 et

126 557 475 644 parochns'cathclicus
492 558 669 624 huiusmodi
686 561 781 622 mixto
799 559 991 624 matrimonio
1009 558 1048 622 ad
1066 556 1255 643 exigentiam

128 668 214 757 legis
230 663 369 746 patriae,
387 672 443 728 art.
461 665 524 728 26:
544 665 639 729 1791.
658 666 697 730 de
714 683 846 731 necesse
863 669 1013 731 assistere
1030 665 1131 730 debet.
1150 664 1252 747 Spon·
1307 682 1317 739 ᾔ

130 790 197 836 sam
214 784 312 854 porro
328 773 510 837 catholicam
527 791 544 835 a
561 773 718 839 Tribunali
733 774 948 838 Poenitentiae
965 772 1183 855 praesensisse
1199 775 1253 836 in·

130 879 349 973 dispositionis
375 896 471 943 eausa
497 896 608 944 arcere
635 881 811 945 consultum
836 897 899 944 non
924 887 993 960 est,
1018 859 1252 958 cnm'alioquin
1284 876 1288 881 '

131 1005 193 1052 nec
219 986 392 1068 subjectiva
418 984 524 1051 cnrasi
548 989 719 1070 persuasio
742 988 843 1051 relate
870 988 908 1051 ad
934 1005 1002 1052 eam
1024 994 1114 1050 extra
1128 974 1252 1081 omnem

132 1096 349 1177 quaestionem
366 1095 465 1175 posita
483 1095 532 1158 sit.
549 1091 706 1159 Generale
722 1094 907 1178 principium
923 1100 1012 1158 esto:
1028 1094 1109 1158 ultra
1127 1100 1254 1157 tenores

130 1180 1253 1285 Encyelicaedd.2.tnliia.c.nullisarbitrqriisrestrictionibusloemn

133 1306 225 1370 dare.
256 1305 400 1370 Ecclesia
417 1324 457 1368 ex
481 1306 657 1371 rationibus
674 1309 704 1372 in
719 1307 887 1391 Encyclica
903 1308 1076 1392 propositis
1093 1308 1256 1371 matrimo-

131 1417 186 1479 nio
202 1413 321 1478 idmodi
337 1421 517 1477 consuetam
534 1414 784 1480 benedictionem
810 1415 967 1500 denegat,
993 1418 1067 1497 quin
1088 1420 1255 1497 eapropter

128 1538 280 1605 sponsam
306 1521 525 1586 catholicama
551 1525 768 1588 communione
792 1521 926 1587 fidelium
947 1530 1000 1587 aut
1016 1521 1254 1606 participatione

128 1629 403 1693 Sacramentornm
436 1627 581 1693 excludat
591 1651 600 1708 3
644 1629 725 1694 unde
765 1636 877 1713 suapte
909 1629 1130 1711 consequitur,
1161 1625 1256 1717 etiarn

128 1738 247 1801 intuitu
263 1732 504 1798 introductionis
523 1727 658 1819 sponsae
684 1744 738 1800 aut
754 1754 930 1819 puerperae
945 1735 1043 1828 priori
1059 1732 1253 1799 ltesolutioni

128 1843 279 1908 standum
304 1858 386 1907 esse.
834 1838 840 1851 '

565 1959 829 1973 mvn—t·-

658 2110 749 2182 584.

130 2228 404 2340 Repraesentatlo
429 2262 605 2321 lllstrlctus
627 2260 846 2320 Neosoltensts
871 2261 925 2319 dd.
938 2263 965 2320 1.
979 2262 1068 2336 sept.
1080 2262 1170 2320 1840.
1184 2278 1259 2319 non·

126 2358 236 2417 nullas
246 2355 451 2428 quaestiones
461 2355 548 2411 eirca
558 2354 776 2411 assistentiam
786 2354 880 2409 matr.
892 2354 1005 2411 mixtis
1021 2353 1252 2426 praestandam

345 2470 348 2475 ·
374 2445 529 2502 decisioni
550 2443 774 2515 ordinarlatus
792 2443 1011 2503 substernens.

225 2577 331 2642 curati
364 2575 482 2640 virtute
512 2575 737 2652 inviationum,
770 2576 905 2656 qualiter
930 2582 1030 2639 semet
1060 2572 1191 2659 parochi
1207 2577 1254 2638 in

130 2683 318 2751 assistendo
335 2684 438 2746 mixtis
455 2681 657 2747 matrimoniis
674 2698 789 2764 gerere
806 2680 959 2755 debeant,
984 2679 1175 2744 Pastoralem
1191 2697 1252 2743 en-

129 2794 286 2878 cyclicam
310 2790 392 2856 Suae
416 2787 492 2852 llltis
517 2788 643 2870 Eppalis
668 2788 726 2853 sub
752 2789 784 2852 2.
808 2787 871 2851 tul.
899 2806 927 2851 a.
948 2786 976 2850 e'.
992 2804 1050 2869 per
1075 2784 1269 2859 llioe'eesim·

128 2901 293 2975 dimissam
318 2896 551 2969 comitantium,
581 2895 683 2960 libero
710 2895 811 2959 dubiis
837 2896 869 2960 in
895 2895 1022 2985 casibus
1047 2894 1087 2958 ad
1113 2893 1256 2959 Ollicium

128 3008 361 3074 llioecesanum
376 3006 511 3069 recursu
528 3003 722 3086 gaudentes,
749 3003 835 3066 filiali
852 3020 921 3066 cum
937 3001 1121 3067 reuerentia
1137 2984 1253 3065 unani-

132 3121 239 3199 mique
255 3131 416 3180 consensu
436 3145 471 3159 -·
491 3112 577 3174 salva
595 3112 779 3191 ceteroquin
794 3112 826 3174 in
843 3108 1024 3173 occursuris
1041 3106 1256 3190 singularibus

135 3225 266 3290 casibus
292 3223 460 3302 unicuique
495 3216 681 3283 recurrendi
714 3216 864 3279 facultate
888 3213 1064 3277 -Eidem
1088 3212 1148 3276 lllti
1173 3210 1256 3276 Suae
1302 3291 1305 3303 Ι

134 3330 247 3416 Eppa'li
270 3316 361 3392 hicce
386 3333 454 3390 tres
470 3323 580 3388 dubias
595 3323 800 3404 quaestiones
816 3321 877 3383 lin'e
897 3321 1058 3402 gratiosae
1076 3318 1254 3382 earumdem
1328 3300 1333 3311 ’

134 3436 338 3503 resolutionis
354 3434 561 3498 substernere
577 3433 809 3507 decreverunt,
831 3427 996 3510 signanter

231 3545 259 3608 l'.
285 3545 334 3607 An
360 3543 398 3605 ad
424 3549 529 3623 partes
555 3537 727 3603 catholicas
752 3537 889 3599 amixtis
906 3534 1111 3599 matrimoniis
1128 3550 1168 3596 eo
1184 3531 1255 3594 efli-

124 3656 243 3719 'cacius
269 3647 514 3721 abstrahendos,
541 3644 682 3728 vestigiis
707 3646 780 3708 item
803 3643 1045 3726 principalioris'
1060 3660 1097 3704 ac
1122 3640 1255 3724 potioris

135 3761 302 3827 Ecclesiae
319 3759 426 3840 praxis
443 3764 474 3818 et
489 3753 670 3834 disciplinae
686 3751 827 3834 plurimis
853 3749 1080 3814 Conciliaribus
1102 3754 1135 3811 et
1151 3746 1258 3810 Ponti-

139 3869 219 3935 lrciis
236 3863 515 3928 Constitutionihns
532 3861 707 3924 inculcatae
723 3877 762 3923 eo
778 3859 919 3942 pressius
935 3854 1144 3920 insistendum
1157 3854 1254 3915 satius

138 3997 216 4042 non·
230 3975 342 4057 inretz'
357 3970 424 4035 illis'
441 3987 567 4053 quoque
591 3967 792 4031 matrimoniis
816 3966 944 4049 passive
969 3962 1068 4028 solnm
1094 3963 1257 4031 assistere,

137 4085 192 4150 nbi
210 4086 344 4164 sponsus
362 4078 484 4161 quidem
502 4077 695 4150 catholicus,
719 4078 768 4137 ast
784 4091 862 4157 erga
879 4089 966 4135 snam
982 4067 1181 4152 Religionem
1200 4066 1253 4128 in·
1345 4104 1348 4110 ·

138 4191 293 4256 differens
312 4195 503 4268 cst,·spcnsa
521 4192 621 4248 antem
639 4181 837 4247 confessioni
859 4197 934 4244 suae
951 4175 1073 4241 fervide
1089 4170 1264 4237 adhaeret?
1355 4178 1375 4267 Ἰ

138 4299 285 4363 ubi-item
310 4294 490 4358 reversales
517 4309 652 4373 sponsus
670 4290 863 4354 acatholicus
889 4288 941 4350 dat
968 4283 1112 4366 quidem,
1135 4296 1263 4361 quarum

130 4414 249 4473 tamen
268 4404 315 4466 vis
332 4402 506 4483 obligatiua
533 4401 626 4463 toties
650 4399 711 4462 iam
728 4396 759 4459 in
776 4395 914 4460 comitiis
936 4390 1039 4475 Regni
1054 4387 1211 4472 impetitur
1227 4402 1265 4449 ac
