2798 4852
558 240 805 343 .-'aeef-

6 442 58 555 'lt
121 450 287 527 iilustrare
321 465 503 526 sustineam.
543 459 774 526 institutionem
800 463 831 526 in
856 479 893 523 ra
918 464 1009 526 mixt·
1030 466 1166 528 matrim.
1195 484 1242 547 qur

50 638 53 643 ,
129 568 329 634 essentialem
354 576 386 632 et
411 569 645 651 constitutivam
672 569 833 631 doctrinae
856 566 1125 633 ddeieatlrolicae
1140 580 1245 652 partem

54 664 58 669 ’
128 676 243 756 populo
271 692 360 738 meae
386 660 549 755 spirituali·
565 689 660 737 aurae
678 676 865 749 commissu,
898 677 1053 740 moderno
1077 679 1247 759 cumprimis

129 788 291 861 tempore,
307 782 504 862 gravissimis
520 798 561 842 ex
577 781 748 843 rationibus
767 798 888 844 summe
904 784 1122 847 neeessariam
1139 785 1247 865 imper·

15 866 76 925 ··'
120 889 181 950 ¹liri
206 894 355 958 coactus,
381 893 515 969 urgente
541 879 733 951 conscientie
748 889 839 967 vique
860 890 922 951 mei
938 888 1034 952 otlicii
1060 886 1251 955 diutiusdll·

74 1048 77 1053 .
129 993 216 1056 ferre
232 993 314 1057 haud
330 996 439 1075 pului;
456 993 599 1074 beneque
615 994 843 1059 institutionem
853 986 1100 1077 adcommunem
1110 999 1250 1069 omniun,

19 1184 22 1189 Ι
131 1106 227 1181 prout
243 1097 427 1181 oportebat,
443 1102 582 1162 notitiam
598 1098 749 1181 perferre·
760 1099 842 1172 alio,
860 1118 952 1181 quam
967 1101 1115 1184 publicae
1132 1121 1175 1165 ex
1190 1121 1248 1165 an·

127 1207 210 1269 bone
227 1206 476 1269 annunciationis
492 1205 595 1279 modo,
612 1207 714 1267 minus
726 1205 900 1283 consultum
913 1222 984 1270 esse
995 1207 1067 1271 mibi
1078 1206 1249 1281 videbatur,

22 1320 34 1365 '-
127 1313 219 1385 ideo,
245 1315 316 1393 quia
341 1319 431 1376 recte
457 1315 579 1394 privata
605 1320 636 1375 et
660 1313 749 1391 quasi
773 1313 928 1375 occultata
952 1315 985 1375 in
1001 1314 1064 1376 hoc
1089 1312 1252 1396 religionis

51 1450 56 1459 ·
79 1446 83 1453 ·
128 1420 257 1502 negatio
274 1418 392 1501 agendi
401 1420 484 1481 ratio
494 1420 700 1498 suspicionem
711 1416 997 1498 inquietudinemve
1008 1417 1102 1497 aliter
1112 1420 1250 1483 sentien-

57 1544 61 1551 ·
127 1528 203 1589 tium
219 1527 325 1607 potius
342 1527 517 1615 excitatura
533 1531 619 1601 erat,
637 1542 674 1587 ac
690 1524 748 1601 uisi
766 1522 892 1604 singula
909 1524 1005 1586 verba
1016 1527 1101 1606 typis
1121 1526 1248 1608 exprimi

66 1614 73 1624 ¹
127 1636 311 1704 curassem,
344 1624 435 1711 rapis
456 1631 743 1703 insinuationibus,
769 1626 971 1710 sinistrisque
996 1632 1263 1713 imputationibus-

127 1743 159 1799 et
188 1734 296 1797 nelors
339 1732 557 1797 additamentis
598 1735 829 1821 amplissimum
851 1721 993 1817 eampum
1023 1724 1248 1818 praebuissent

125 1838 297 1905 Consilium
330 1840 460 1921 proinde
493 1840 525 1903 in
558 1859 595 1903 re
625 1841 791 1924 religionis
817 1834 950 1925 ¹publica
988 1842 1135 1924 publice,
1172 1846 1260 1917 omui.

39 1938 55 2001 .'
125 1955 230 2010 temen
262 1964 333 2008 cum
348 1986 351 1991 ·
367 1944 599 2019 moderamine,
638 1953 668 2008 el
695 1945 801 2010 debito
830 1946 871 2009 ad
894 1942 1077 2031 'praesentia
1111 1922 1284 2015 adiuncte¹.

123 2057 271 2133 respectu
281 2059 461 2133 susceptum
471 2054 550 2131 etin
567 2050 714 2115 ellectum
724 2050 891 2116 deductum
902 2053 1075 2117 turbandae
1094 2057 1245 2138 tranquil·

52 2144 58 2155 ⁶
123 2159 274 2232 litatis-et
284 2156 744 2239 excitandarumreligiosarum
754 2144 989 2223 contentionum
1000 2161 1246 2229 ansamtmurna

21 2266 33 2337 J
121 2258 488 2348 praesagireautnereri
502 2266 1245 2355 tantominuspoteram,quodtenoredoctrinae

120 2370 295 2434 catholicae
309 2377 342 2433 at
357 2370 436 2455 legis
452 2370 616 2434 Ecclesiae
632 2370 769 2435 valorem
786 2374 875 2436 matr.
896 2375 1074 2447 mixtorum,
1091 2373 1243 2459 legitimi·

122 2482 216 2537 tatem
232 2476 374 2558 prolium,
387 2467 621 2540 successionem
638 2484 669 2538 et
686 2485 812 2541 ceteros
830 2474 963 2541 effectus
980 2482 1126 2562 coniugii
1141 2480 1245 2545 civiles

121 2584 303 2647 cunctosin
320 2588 385 2644 tuto
401 2579 573 2647 collocatos
592 2600 665 2646 esse
676 2636 679 2641 .
690 2584 790 2664 'probe
808 2587 936 2658 sciens,
961 2586 1162 2668 persuadere
1178 2588 1244 2651 mibi

121 2687 300 2764 debuerim,
328 2688 420 2751 nullis
436 2687 568 2771 amplius
593 2688 774 2752 nubentium
800 2692 990 2773 postulatis.
1020 2700 1180 2774 quatenus
1196 2693 1243 2757 u-

119 2797 245 2858 vitatem
261 2801 473 2866 concernunt,
500 2803 532 2858 et
548 2794 697 2858 Comitiali
722 2801 961 2877 pertractationi
978 2799 1133 2873 subsunt,
1149 2799 1243 2863 locun

119 2899 187 2962 dari
202 2919 317 2981 posse3
341 2907 390 2972 et,
415 2899 581 2964 dummodo
606 2901 758 2982 principia
783 2905 850 2982 ips'a
876 2902 1054 2985 Religionis
1067 2902 1244 2970 Catholicae

117 3007 336 3078 immutabilia,
362 3014 484 3086 quaeat
501 3007 601 3086 Regni
618 3009 802 3083 Constitutio
817 3009 926 3071 illaesa
944 3027 1017 3070 esse
1034 3013 1133 3089 cupit,
1147 3018 1179 3072 et
1194 3028 1243 3072 sa·

44 3150 49 3157 -
117 3114 309 3195 pientissima
328 3117 401 3177 anui
415 3113 509 3176 1790.
520 3096 698 3194 Legislatio'
710 3115 860 3178 ambabus
876 3115 1094 3196 religionariis
1111 3118 1243 3196 partibus

61 3282 64 3287 ,
116 3221 148 3282 in
174 3218 262 3282 salvo
288 3221 433 3300 reliquii,
459 3219 592 3281 debitam
619 3222 650 3281 in
677 3219 961 3282 considerationem
985 3230 1171 3297 sumantur,
1187 3241 1241 3302 qua

118 3325 371 3388 consideratione
397 3325 545 3407 neglecta
571 3327 755 3407 ceteroquin
781 3326 906 3389 obiecta
933 3328 1043 3390 similia
1072 3348 1144 3392 eum
1168 3331 1240 3394 reli·

117 3433 215 3510 gione
231 3451 374 3494 connexa
392 3452 432 3494 ex
449 3452 551 3514 aequo
568 3433 732 3496 diiudicari
757 3450 887 3512 prorsus
905 3443 1086 3515 nequeunt,
1114 3443 1239 3500 cunctos

115 3533 218 3614 Regni
234 3537 339 3600 Status
357 3545 388 3600 et
405 3557 486 3601 nune
503 3538 665 3618 dispersos
683 3546 714 3601 et
731 3541 763 3601 in
780 3541 919 3602 Comitiis
936 3540 1116 3616 collectas,
1143 3545 1169 3605 si
1187 3561 1240 3603 ue·

115 3641 238 3719 gotium
272 3645 386 3705 assumi
412 3646 570 3713 urserint,
602 3643 699 3723 idque
733 3643 908 3707 clementer
933 3647 1105 3710 admissum
1133 3649 1240 3718 luerit,

116 3747 277 3824 sapienter
287 3755 512 3830 perspecturos
524 3748 623 3811 nullus
636 3748 793 3812 dubitem:
811 3751 1118 3823 administrationem
1128 3755 1238 3818 Sacra·

114 3854 211 3914 menti
237 3860 269 3914 et
285 3852 536 3918 benedictionem
562 3858 793 3920 connubiorum
818 3857 1074 3929 ecelesiasticam
1101 3860 1239 3923 uuicead

115 3960 278 4038 sphaeram
295 3963 518 4038 conscientiae,
529 3964 705 4044 religionis,
723 3965 921 4028 etecclesiae
938 3974 1108 4046 spectare3
1127 3966 1234 4049 Eccle-

114 4065 160 4123 sia
187 4083 263 4127 vero
291 4074 380 4130 actus
405 4069 463 4130 hos
489 4069 677 4150 religiosos,
710 4079 804 4149 prout
830 4073 950 4153 reliqua
973 4072 1061 4135 lidel
1086 4076 1236 4139 instituta.

49 4242 52 4247 Ι
113 4166 236 4244 publice
253 4173 467 4253 indispositis,
485 4181 517 4235 et
542 4181 695 4255 quatenus
729 4175 893 4241 Ecclesiae
918 4196 995 4240 suae
1021 4180 1190 4242 cautiones
1211 4182 1238 4237 et

114 4275 308 4355 praescripta
325 4279 511 4359 negligunt,
544 4280 707 4343 manifeste
735 4283 874 4366 indignis
892 4285 1045 4366 impertiri
1062 4305 1129 4350 non
1145 4284 1237 4355 vileta

117 4375 205 4439 salva
232 4379 368 4461 attoquin
393 4384 597 4464 dispositione
612 4385 696 4468 legis
713 4388 775 4452 26:
802 4390 898 4453 tteo.
915 4398 948 4467 §.
969 4393 1020 4456 15.
1038 4400 1132 4457 matr,
1148 4394 1231 4453 mixta
