2798 4852
551 266 859 391 'aces-4
916 254 993 313 '⁸

142 509 188 571 ita
206 510 245 570 ab
263 507 397 569 adverso
415 505 540 586 Religio
552 505 717 570 .Catbolica
736 515 766 569 ct
783 508 1030 571 mutuoccivium
1047 509 1275 572 correlationes

139 616 174 677 in
192 630 287 694 passu
303 612 492 678 condendae
509 613 590 694 legis
607 614 834 695 religiouariae
850 631 907 693 per
918 613 1091 676 Maiestatis
1104 592 1189 676 *Vnae
1215 633 1275 678 au-

140 726 273 802 gustam
290 717 527 800 providentiam,
545 733 692 780 summam
716 718 789 780 item
808 717 1081 798 aequanimitatem
1099 727 1130 780 et
1147 719 1275 800 sapien-

144 827 222 887 tiam
240 826 281 886 ita
299 825 511 887 roborentur:
536 842 574 885 ne
604 823 672 886 dum
700 827 752 888 uni
779 826 953 893 concivium
981 827 1060 907 parti
1077 826 1275 888 liberaliores

138 932 223 995 dunt
239 933 474 1003 concessiones,
492 931 677 995 essentiales
695 933 824 994 alterius
840 935 940 1014 partis
958 934 1178 996 institutiones
1196 933 1275 996 sub·

137 1044 291 1100 tuantur.
351 1086 354 1092 .

238 1143 278 1206 Et
293 1144 364 1206 binc
376 1145 408 1205 in
421 1143 528 1206 ordine
546 1144 584 1205 ad
597 1143 736 1207 eiusdem
748 1146 878 1224 proiecti
889 1149 983 1218 §-um
998 1145 1025 1206 l.
1038 1144 1276 1227 quoadlleoer·

137 1251 232 1313 solea
248 1267 317 1310 eam
328 1249 396 1310 lore
407 1248 601 1330 opinionem:
616 1251 710 1330 quod,
728 1251 1272 1343 estoreversales‘principiisEvan-

137 1355 266 1435 gelicae
286 1354 516 1425 consessionis,
533 1354 696 1434 liberoque
712 1357 876 1440 religionis
894 1360 1047 1421 exercitio
1064 1375 1194 1439 prorsus
1209 1375 1272 1420 non
1346 1381 1348 1386 ·

142 1469 348 1542 repugnent,
382 1461 529 1542 nullaque
545 1461 618 1541 lege
634 1481 767 1544 unquam
784 1468 919 1540 vetitae,
952 1440 1013 1528 imo
1038 1464 1198 1544 longaevo
1214 1481 1273 1527 usu

141 1569 348 1632 consumatae
365 1568 503 1644 lueriut3
530 1576 562 1630 et
578 1569 651 1650 lmp.
668 1569 825 1650 Josaphus
842 1573 872 1633 2.
891 1571 993 1636 medio
1005 1562 1133 1634 Decreti
1152 1570 1202 1633 dd.
1221 1569 1271 1633 10.

144 1671 218 1736 Maii
240 1674 335 1736 1782.
353 1693 408 1736 eas
424 1676 507 1738 velut
526 1676 564 1736 ad
583 1676 747 1739 ineundum
767 1677 891 1740 mixtum
916 1680 1096 1761 coniugium
1114 1681 1271 1741 retroacto

141 1789 287 1860 temporo
304 1781 592 1862 indispensabiliter
609 1786 808 1847 necessarias
827 1781 888 1847 non
906 1786 1075 1857 sustulerit,
1093 1785 1150 1847 sed
1168 1782 1206 1845 ab
1222 1783 1271 1845 in·

145 1890 218 1950 aitis
236 1889 371 1968 exigere
389 1896 503 1949 tantum
522 1888 735 1969 prohibuerit;
767 1899 886 1954 attento
914 1900 1018 1955 tamen
1036 1912 1095 1968 eo,
1113 1891 1195 1972 quod
1210 1910 1270 1953 nu·

107 1998 114 2005 ”
140 1995 261 2056 merosi
279 2013 384 2057 coram
403 1994 541 2056 Consilio
558 1994 617 2057 boc
634 1995 666 2055 b.
679 1995 779 2078 Regio
792 2005 953 2059 vertentes
965 2015 1058 2060 casus
1075 1998 1269 2077 perhibeant.

141 2103 292 2183 plurimas
308 2103 338 2162 in
357 2100 488 2164 obiectis
513 2101 728 2183 religionariis
745 2102 951 2174 differentias,
976 2104 1216 2182 reclamationes
1234 2088 1284 2163 ac¹

140 2206 321 2270 simultates
346 2188 515 2270 recentiori
542 2209 728 2288 praesertim
755 2217 858 2272 aetate
887 2210 1144 2271 eReversalibus
1162 2215 1269 2271 enatos

143 2313 256 2390 fuisse,
275 2321 306 2376 et
322 2312 595 2377 iurisdictionibus
607 2315 710 2396 Regni
726 2317 848 2378 illarum
863 2315 1008 2378 ellectum
1024 2333 1196 2396 procurare
1206 2330 1270 2375 non
1346 2308 1349 2315 ’

136 2421 210 2482 sine
241 2418 402 2499 multiplici
432 2420 608 2501 Dirigentis
643 2421 734 2484 buius
764 2422 933 2485 Dioasterii
970 2422 1116 2484 ellectum
1142 2420 1268 2482 illarum

142 2528 291 2607 urgentis
309 2529 587 2608 compromissione
613 2531 728 2608 passim
754 2529 812 2589 iam
837 2529 1081 2599 reluctantibus,
1115 2528 1268 2590 destinato
1361 2588 1365 2595 ,

140 2631 207 2704 fini,
225 2635 386 2714 partisque
404 2633 578 2695 catholicae
595 2637 676 2695 votis
687 2633 768 2698 baud
779 2636 984 2714 respondere,
1001 2630 1135 2714 ideoque
1150 2652 1268 2714 perso·

139 2757 200 2802 nas
212 2738 397 2812 catholicas,
414 2757 494 2818 quae
512 2739 611 2802 medio
628 2743 833 2804 reversalium
846 2741 885 2802 ad
903 2749 981 2804 vota
999 2744 1110 2823 sponsi
1127 2759 1268 2822 evange·

139 2846 194 2908 lici
211 2845 318 2907 neiors
334 2832 513 2928 pertractae
539 2853 630 2929 sunt,
655 2854 762 2909 stante
779 2847 976 2911 inatrimonio
994 2865 1048 2927 spe
1068 2865 1123 2910 sua
1142 2847 1267 2911 delusas

139 2951 264 3014 luisse:
297 2973 338 3015 ex
353 2953 402 3040 bis
418 2955 573 3016 rationum
600 2955 763 3015 momentis
781 2955 949 3036 Consilium
967 2955 1072 3019 isthoc
1088 2954 1149 3020 LR.
1166 2973 1265 3036 prae-

138 3058 290 3121 stabilius
316 3060 385 3123 tore
412 3060 592 3136 existimat,
617 3058 691 3140 loge
708 3059 839 3140 positiva
858 3059 978 3122 diserte
995 3060 1185 3121 enunciare:
1202 3060 1268 3129 Βοὴ

97 3250 100 3255 Ι
139 3167 280 3229 versatos
297 3165 335 3227 de
352 3166 507 3228 catholica
534 3165 666 3246 prolium
693 3166 879 3228 educatione
906 3149 1086 3229 modalitate
1112 3171 1143 3225 et
1168 3162 1267 3227 forma
1310 3146 1313 3153 ¹
1345 3243 1348 3247 Ι

128 3272 275 3334 'bucdum
294 3271 460 3335 observata
479 3271 591 3333 debinc
608 3269 818 3334 extradandas
835 3272 931 3335 salvis
948 3273 996 3344 iis,
1014 3291 1094 3353 quae
1106 3272 1164 3333 iam
1176 3271 1267 3332 datae

137 3387 171 3441 et
211 3396 269 3460 per
309 3378 483 3460 coniugem*
505 3379 691 3441 catholicum
723 3377 803 3442 bona
855 3377 916 3441 lide
962 3385 1143 3458 acceptatae
1184 3384 1265 3447 suut,

136 3503 262 3566 quaeve
280 3485 348 3548 sine
366 3504 484 3548 summo
502 3487 751 3550 contrahentium
769 3486 963 3566 praeiudicio
976 3486 1125 3565 abrogari
1143 3482 1267 3566 neque·

137 3599 207 3664 unt,
225 3607 330 3652 coram
349 3592 417 3653 iure
435 3591 545 3672 vigore
564 3586 807 3655 carituras‘esse
825 3593 970 3674 quidem;
989 3611 1027 3655 ne
1045 3600 1146 3654 tamen
1163 3593 1266 3672 impe·
1365 3675 1367 3680 ,

136 3699 287 3770 dimenta,
306 3716 386 3778 quae
404 3701 508 3761 mixtis
526 3699 730 3762 matrimoniis
757 3707 1008 3779 praememorata
1029 3699 1152 3763 ratione
1169 3697 1272 3760 adus-·
1363 3700 1366 3707 ’

137 3824 205 3895 que
218 3807 318 3888 posita
337 3794 435 3867 luisse
453 3807 638 3887 oggeritur,
666 3807 769 3869 locum
800 3809 906 3869 sortiri
924 3807 1070 3876 valeant,
1103 3823 1165 3866 una
1190 3820 1272 3866 vero·

112 3919 312 3997 *spontanea
345 3920 376 3973 ct
407 3911 504 3973 libera
537 3927 722 3991 sponsorum
755 3913 1017 3994 Evangelicorum
1060 3911 1142 3973 circa
1184 3908 1265 3972 edu-

132 4018 270 4083 candam
302 4017 333 4081 in
366 4019 522 4100 religione
553 4036 689 4100 sponsae
722 4019 903 4080 Catholicae
920 4018 1040 4100 prolem
1066 4020 1157 4079 etiam
1197 4035 1266 4078 ma-

132 4127 262 4193 sculam
289 4127 456 4192 concessio
489 4128 527 4188 ab
552 4127 635 4190 oanni
668 4145 725 4189 seu
750 4126 926 4190 allectionis
947 4146 1002 4190 seu
1034 4123 1266 4189 sollicitationis

119 4222 191 4301 'aut
220 4236 312 4316 plane
345 4235 729 4314 coactionissuspicione
760 4236 934 4308 eximatur,
961 4237 1050 4298 simul
1082 4238 1155 4316 lege
1184 4255 1265 4318 pro·¹
1331 4306 1333 4310 Α

130 4342 307 4406 videndum
331 4341 438 4419 lore,
489 4349 523 4404 ut
563 4345 595 4404 in
635 4341 696 4404 boc
738 4361 815 4406 casu
859 4344 947 4405 salva
990 4361 1082 4406 secus
1115 4351 1170 4406 art.
1202 4343 1265 4404 26:

127 4446 270 4527 ·179⁰),.·
303 4453 332 4521 §.
396 4451 445 4513 15.
490 4449 697 4528 dispositione
743 4441 878 4533 ingenua
932 4449 1108 4514 huiusmodi
1156 4451 1263 4533 sponsi
