2798 4852
616 315 636 329 ·-
665 269 744 346 487
779 304 821 322 —-

138 460 387 545 obligationem
411 480 504 545 quum
533 482 629 545 porro
657 482 822 546 supremae
847 467 1014 547 potestatis
1040 464 1141 530 civilis
1167 468 1199 530 in
1215 483 1271 531 re·-

139 575 254 648 spectu
271 572 364 631 etiarn
381 564 507 650 politice
524 573 668 642 intersit,
701 591 740 634 ne
758 572 923 655 quid'lege
940 573 1023 636 civili
1038 573 1265 655 praecipiatur,
1352 618 1357 629 -

138 674 225 756 qnod
241 674 316 758 lege
333 676 562 755 ecclesiastica,
573 685 730 742 annuente
747 683 842 742 etiam
855 697 974 760 summo
992 686 1098 744 terrae
1114 683 1268 764 principe,

137 782 275 843 vetitum
292 782 505 845 conscientias
517 783 667 846 maiorem
683 784 714 847 in
726 786 848 849 modum
860 786 1048 866 obstringit3
1064 784 1145 850 neve
1156 787 1268 853 oborta

136 885 225 948 inter
240 887 345 969 legem
363 888 483 950 civilem
510 906 548 950 ac
574 890 822 953 ecclesiasticam
850 890 1015 955 collisione
1041 890 1156 955 civium
1173 895 1266 955 animi
1296 960 1300 971 ,

136 995 396 1084 perturbentur,
420 1001 452 1056 et
468 994 613 1076 perplexi
630 997 822 1070 reddantur,
855 997 937 1078 quod
963 1004 1067 1061 tamen
1084 1005 1268 1062 eventurum

137 1115 214 1162 esse
232 1101 284 1163 uix
302 1100 440 1162 dubitari
455 1107 569 1181 potest,
588 1102 615 1163 si
632 1103 783 1166 matribus
801 1103 960 1166 catholicis
971 1104 1075 1185 proles
1086 1121 1160 1166 suas
1176 1111 1265 1186 patre

142 1207 332 1288 evangelico
355 1215 447 1277 natas
473 1208 505 1270 in
530 1208 689 1287 religione
705 1209 860 1271 catholica
886 1208 1021 1273 educare
1038 1203 1175 1289 positiva
1191 1210 1266 1292 lege

118 1313 272 1379 ,vetitum
299 1312 412 1375 luerit:
433 1315 464 1375 in
489 1313 550 1376 hoc
566 1314 657 1392 proin
681 1317 877 1391 rerumsitu
903 1315 1212 1395 expedientissimum
1229 1333 1266 1376 ac

134 1416 344 1482 'iustissimum
360 1419 429 1482 lore
447 1420 604 1482 existimat
622 1420 754 1502 Regium
771 1422 831 1484 hoc
847 1421 881 1482 L.
899 1421 1075 1499 Consilium,
1101 1422 1265 1485 articulum

137 1508 204 1588 '262
225 1522 345 1606 ¹⁷9⁰s1·
364 1527 529 1607 signanter
547 1534 648 1608 autem
666 1533 696 1602 ς.
715 1528 767 1590 15.
779 1528 864 1591 ultro
882 1531 973 1592 etiam
991 1532 1023 1592 in
1038 1529 1134 1611 pleno
1151 1528 1264 1608 vigore

136 1648 201 1696 suo
217 1639 445 1709 manutenere;
462 1633 493 1695 id
510 1640 612 1697 autern
629 1640 715 1698 tanto
732 1635 826 1697 etiam
844 1639 953 1717 magis,
980 1635 1063 1715 quod
1079 1636 1162 1697 hunc
1177 1634 1261 1714 legi-

132 1740 247 1801 timum
263 1742 311 1803 rei
326 1738 552 1820 religionariae
569 1745 681 1801 statum
700 1741 884 1802 conservari
899 1733 1162 1820 Evangelioorum
1179 1756 1263 1820 quo·
1336 1800 1342 1813 ,

136 1861 203 1928 que
219 1843 455 1925 regnicolarum
471 1860 669 1928 summopere
686 1847 843 1909 interesse
860 1847 976 1929 ambigi
993 1845 1076 1908 baud
1093 1852 1206 1929 queat,
1223 1835 1262 1907 nc

135 1953 253 2034 quippe
271 1950 479 2032 siprincipiis
497 1952 676 2015 Catholicae
690 1951 866 2034 Religionis
883 1970 901 2014 e
918 1951 1070 2029 diametro
1086 1953 1263 2034 oppositum

133 2057 316 2143 proiectum
332 2058 394 2120 hoc
412 2058 564 2121 altissima
582 2058 743 2122 sanctione
758 2058 856 2140 Regia
874 2057 1088 2122 confirmatum
1105 2057 1211 2128 fuerit,
1223 2063 1257 2119 ut
1305 2073 1311 2079 ·

135 2165 258 2229 matre‘s
285 2166 461 2229 catholicae
486 2166 525 2228 ad
551 2174 652 2229 actum
667 2167 829 2248 principiis
846 2183 924 2229 suae
948 2164 1114 2247 religionis
1131 2170 1263 2229 contra·
1298 2237 1305 2249 δ

132 2273 228 2347 rium,
245 2272 276 2336 id
294 2280 350 2345 ast,
368 2274 407 2336 ad
423 2275 556 2356 prolium
573 2291 700 2336 suarum
717 2273 749 2354 in
764 2273 827 2336 lide
844 2273 973 2336 asacris
985 2271 1147 2335 catholicis
1162 2268 1261 2333 aliena

136 2379 360 2443 educationem
377 2382 453 2462 lege
464 2388 630 2463 cogantur,
641 2381 672 2445 id
683 2379 781 2445 semel
793 2380 960 2444 admissum
971 2379 1046 2460 ipsis
1057 2380 1149 2441 etiam
1161 2394 1263 2440 euan-

137 2484 255 2569 gelicis
272 2485 467 2568 dispendium
482 2493 602 2550 causet.

566 2784 569 2790 ’
652 2805 740 2880 coa.

96 2998 102 3007 ·
132 2970 307 3033 Resolutlo
319 2973 423 3046 Regia
443 2989 522 3045 erga
534 2976 717 3048 protectum
737 2974 835 3047 Legis
848 2977 888 3032 da
912 2976 1027 3055 rnlxtls
1040 2947 1257 3034 matrimoniis

308 3082 337 3122 a.
350 3066 445 3130 tem..
461 3065 672 3132 adhelradum,
686 3063 740 3121 dd.
754 3065 785 3120 5.
797 3063 875 3120 tulit
889 3064 980 3121 tela.
992 3063 1090 3130 edila.

223 3232 339 3296 Sacrae
355 3230 533 3318 Caesareae
549 3237 580 3294 et
596 3230 919 3312 Regio-Apostolicae
936 3229 1110 3292 Maiestatis
1129 3200 1255 3291 nornine
1277 3308 1279 3314 Ι
1365 3232 1369 3237 ’

132 3347 196 3404 etc.
223 3341 392 3404 Alteiatam
409 3337 501 3402 Suam
518 3337 643 3400 blattam
661 3335 789 3399 SSmam
806 3338 961 3418 objectum
972 3335 1263 3416 Repraesentatioe

132 3449 185 3512 nis
217 3465 276 3527 per
305 3447 371 3508 DD.
389 3446 495 3512 Status
527 3451 559 3507 et
576 3442 710 3507 Ordines
742 3461 760 3505 e
792 3444 958 3524 postremis
975 3441 1113 3505 comitiis
1139 3439 1259 3503 7.llaii
1291 3524 1294 3529 Ι
1356 3447 1357 3450 ’

136 3552 236 3617 1840.
253 3553 444 3625 substratae,
454 3545 624 3634 ¹ipsumque
642 3552 813 3626 exhibitum
837 3567 936 3634 penes
952 3549 1036 3611 illam
1052 3549 1132 3631 legis
1148 3550 1180 3611 in
1196 3564 1258 3634 ne·

134 3664 224 3744 gotio
239 3661 415 3742 Religionis
432 3679 502 3721 cum
519 3660 658 3742 benigno
681 3659 828 3721 Eiusdem
846 3666 963 3720 annutu
980 3654 1165 3721 condendae
1181 3670 1260 3736 pro·

129 3768 253 3832 'lectum
264 3769 303 3840 *l
321 3767 533 3830 cohaerenter
550 3764 589 3828 ad
605 3766 793 3828 declaratam
811 3763 946 3846 desuper
970 3762 1073 3825 medio
1088 3763 1118 3824 b.
1135 3760 1261 3822 Decreti

134 3873 189 3938 tl.
207 3872 281 3936 tlaii
301 3870 398 3934 1840.
416 3871 454 3933 ad
470 3870 534 3933 DD.
554 3870 658 3936 Status
675 3881 706 3936 et
723 3871 859 3960 Ordines
876 3869 949 3934 editi
966 3869 1149 3932 altissimam
1166 3871 1257 3929 men·

130 3988 205 4058 tem,
221 3999 282 4062 pro
299 3997 417 4042 summa
433 3979 610 4060 argumenti
628 3981 803 4062 gravitate,
828 3995 946 4059 proque
964 3982 1076 4039 tenera
1091 3966 1258 4056 benignis·
1341 3981 1343 3985 ’

132 4067 204 4152 ¹stimi
219 4087 315 4149 animi
332 4086 399 4160 Sui,
416 4104 508 4167 quam
524 4085 646 4148 aemula
672 4105 740 4148 cum
757 4083 831 4147 divo
848 4083 890 4166 gl.
908 4102 998 4146 mem.
1017 4098 1075 4144 avo
1098 4097 1157 4144 suo
1174 4097 1256 4141 con·
1309 4166 1315 4172 ἥ

130 4196 279 4259 tentione
295 4195 402 4270 lovet,
420 4192 640 4269 sollicitudine
657 4190 729 4266 illa,
745 4199 796 4263 ut,
814 4187 1075 4274 quemadmodum
1092 4184 1251 4249 Articulus
1316 4181 1324 4224 Γ

131 4363 447 4377 „uun—..n—

128 4483 136 4497 κ
205 4440 236 4511 *)
257 4443 296 4498 Gi.
319 4443 385 4497 Tam.
401 4445 426 4497 2.
441 4441 508 4495 Most.
522 4443 584 4494 367.
596 4458 657 4512 pag.
671 4442 732 4493 696.
