2798 4852
518 290 750 366 -533-

65 485 349 566 talepruestentes
366 483 519 560 imitetur,
537 485 608 571 qui,
626 486 653 552 si
670 487 822 570 quidpiam
839 506 856 552 a
873 505 950 553 vero
961 468 1120 570 =rectoque
1137 486 1197 552 ab·

65 607 181 652 sonum
202 607 241 653 se·
257 591 427 674 protulisse
457 603 664 679 agnoverunt,
692 596 1083 663 Petriltamianimonitum
1096 595 1198 659 secuti

64 696 108 760 ad
123 699 336 780 magisterium
354 699 515 767 Ecclesiae
531 701 666 766 libenter
687 704 867 786 corrigendi
884 709 1105 777 accesserunt.
1131 701 1197 764 ile-
1238 748 1243 757 κ

64 823 136 870 rum
152 805 317 870 enimvero
343 822 432 888 quem
450 809 568 872 leniora
586 818 617 874 et
634 814 796 875 severiora
824 808 926 874 media
957 810 1093 873 trucium
1113 807 1198 872 tule-

10 956 17 965 -
62 912 140 986 rint,
157 915 247 976 testis
268 920 317 976 est
327 912 512 979 scandaloso
529 915 581 980 illa
598 918 845 999 reprotestatio,
876 919 1060 980 immaturae
1077 916 1199 987 meniis,

62 1012 244 1103 perpicacis
260 1027 290 1083 et
307 1020 442 1085 indurati
453 1023 545 1086 animi
556 1024 751 1112 tristissimus
769 1012 887 1103 loetus;
905 1023 994 1086 cuius
1009 1021 1195 1085 foeditatem

63 1130 300 1208 conspicientes
317 1129 371 1191 vix
388 1144 449 1192 non
467 1149 536 1193 cum
554 1131 706 1212 Propheta
724 1123 956 1195 exclamamus:
974 1130 1062 1194 Vere
1078 1128 1196 1209 despe-

62 1235 308 1319 rutaostplaga
327 1238 421 1299 eiust
468 1218 493 1249 “’
1024 1228 1028 1233 ’
1158 1238 1160 1243 ’

153 1342 367 1407 illustrissime
384 1341 514 1407 Domine
532 1343 674 1409 Praesull
692 1343 840 1429 dignetur
857 1347 998 1429 gratiose
1016 1343 1194 1427 indulgere,

61 1460 97 1518 ut
111 1450 199 1514 liliati
215 1468 284 1512 com
303 1450 441 1514 candore
460 1451 686 1525 enunciamus,
704 1450 943 1514 amaritudinem
961 1458 1099 1514 nostram
1118 1450 1205 1513 red-¹

64 1560 144 1623 dere
177 1555 399 1620 amarissimam
434 1556 509 1619 illud
536 1558 653 1638 ipsum,
687 1559 769 1640 qnod
802 1559 828 1620 is
854 1576 1020 1649 supremae
1053 1558 1195 1623 Primatis

62 1664 164 1729 nostri
191 1665 369 1726 auctoritati
399 1661 625 1737 refractarios,
651 1672 812 1749 paternam
837 1682 898 1730 non
925 1681 1018 1732 secus
1041 1683 1079 1726 ac
1095 1667 1194 1728 iustae
1284 1678 1286 1683 ’

63 1771 248 1863 severitatis
275 1770 459 1834 medicinam
485 1789 656 1854 respuens,
683 1776 869 1857 pugnaciter
896 1790 1021 1836 causam
1046 1771 1196 1854 principis

61 1878 265 1942 tenebrarum
284 1894 386 1958 apere
404 1896 467 1939 non
486 1879 653 1952 cessando,
672 1879 773 1943 adhuc
790 1881 915 1949 Pestini,
934 1897 972 1940 eo
989 1864 1108 1942 scilicet
1125 1877 1195 1941 loco

60 1985 278 2068 relinquatur,
305 2001 365 2064 quo
393 1991 532 2064 spectata
558 1987 655 2065 ipsius
673 1985 798 2059 indole,
825 2004 883 2048 nec
901 2002 962 2049 non
978 2001 1192 2066 personarum,
1237 2065 1239 2070 Ι

30 2174 39 2187 ἱ
61 2100 95 2156 et
112 2093 270 2156 vartomm
283 2079 692 2155 adiunctornm'conditione
705 2087 840 2154 omnium
857 2094 984 2154 minime
1001 2107 1073 2153 esse
1092 2090 1192 2152 debe·

58 2207 131 2274 ret,
158 2200 209 2263 tubi
235 2199 415 2261 scandalum
443 2199 513 2271 dat,
544 2206 574 2261 et
600 2201 753 2282 geminat,
788 2207 818 2260 et
853 2199 917 2260 lons
935 2198 1018 2262 ultro
1035 2196 1193 2260 cumulare
1268 2198 1274 2255 1
1339 2219 1343 2225 ·

60 2306 215 2386 intendit,
233 2307 282 2369 ubi
300 2305 402 2370 eidem
419 2310 551 2388 eiusque
569 2310 654 2370 ausis
671 2307 885 2377 thurificatur,
912 2325 974 2386 quo
992 2305 1104 2368 intesta
1123 2306 1191 2367 eius

60 2415 219 2488 molimina
237 2413 351 2477 additis
369 2433 384 2476 a
403 2421 560 2495 potestate
589 2414 751 2478 Ecclesiae
769 2416 891 2477 inimica
919 2413 1028 2477 animis
1059 2429 1192 2476 succre-

61 2529 174 2596 scunt,
200 2532 276 2586 ensa
293 2541 369 2586 vero
387 2530 419 2585 et
439 2527 652 2604 opportunitas
670 2539 785 2584 suntuna
805 2523 958 2603 suppetit,
983 2528 1066 2584 etse
1091 2522 1192 2602 magis

61 2629 245 2700 obdurandi,
265 2638 295 2692 et
312 2630 489 2712 proselytos
508 2648 634 2692 suorum
651 2630 834 2711 placitorum
851 2629 1004 2700 lucrandi,
1015 2635 1046 2691 et
1063 2645 1191 2692 errores
1226 2684 1229 2689 .
1311 2658 1313 2661 ·

61 2753 139 2802 suos
156 2737 318 2800 euidenter
335 2737 512 2801 haereticos
529 2739 653 2818 impune
670 2737 902 2811 disseminandi,
921 2737 1098 2821 publicique
1115 2735 1196 2800 iuris·
1232 2772 1234 2777 ·

62 2844 242 2923 alliciendi3
267 2862 347 2924 quae
373 2847 474 2907 omnia
492 2864 554 2907 nnn
571 2852 704 2927 possunt
719 2862 782 2908 non
804 2846 833 2908 in
851 2848 972 2907 ruinam
989 2845 1086 2925 ipsius
1105 2841 1188 2906 inle·

60 2954 133 3016 iicis
151 2952 335 3031 sacerdotis,
351 2956 381 3014 in
396 2955 564 3033 perniciem
576 2955 746 3014 animarum
759 2953 985 3032 pretiosissimo
997 2952 1191 3037 agniimma·

39 3060 157 3123 ·cni‘ati
170 3039 570 3142 ‘sangvine'redemlarum
589 3061 620 3120 in
639 3059 840 3138 opprobrium
858 3057 1024 3120 Ecclesiae
1042 3057 1098 3120 Dei
1116 3072 1190 3119 san·

58 3175 151 3240 ctae,
170 3167 200 3229 in
217 3166 395 3248 despectum
412 3165 626 3237 totinsCleri,
654 3165 787 3247 denique
805 3166 931 3227 comsit
950 3178 1031 3226 unus
1049 3182 1067 3225 e
1085 3161 1189 3225 medio

59 3274 186 3346 nostri,
214 3277 244 3337 in
272 3273 491 3337 contumeliam
517 3274 818 3337 omnium-nostrum
845 3289 984 3354 vergere
1001 3272 1187 3352 praesertim

57 3385 122 3447 bac
139 3382 206 3464 ipsa
225 3388 396 3463 temporum
415 3380 605 3459 acerbitate,
623 3383 651 3444 in
671 3399 730 3462 qaia
749 3382 822 3445 boni
841 3378 955 3462 publici
974 3380 999 3440 is
1017 3371 1190 3442 studiosior

58 3505 137 3552 esse
154 3497 311 3557 censetur,
330 3493 354 3551 si
373 3488 498 3570 ellogiis
516 3509 533 3551 c
551 3487 775 3572 phraseoiogia
803 3489 893 3551 hunius
926 3484 1023 3549 seculi
1042 3484 1191 3550 desumlis

58 3597 304 3670 cumulatur,et
321 3597 358 3657 ud
379 3595 568 3658 illudendum
585 3596 748 3659 Ecclesiae
765 3596 848 3659 nitro
866 3599 1014 3678 raptatur.
1051 3612 1055 3620 ·
1117 3633 1123 3645 ·

118 3734 120 3739 v
153 3703 269 3777 Quare·
285 3721 352 3765 com
385 3698 528 3766 omnibns
556 3711 585 3764 et
612 3703 744 3785 singuiis
770 3703 801 3766 in
826 3710 948 3786 partem
975 3699 1191 3765 sollicitudinis

27 3879 36 3895 ‚
56 3811 255 3894 Episcopalis
272 3812 392 3879 vocatis
412 3830 450 3872 eo
468 3790 648 3874 enitendum
666 3811 758 3874 nobis
778 3827 852 3874 esse
869 3810 1132 3894 persuadeamus,
1150 3817 1192 3872 -ut
1294 3868 1296 3875 .

48 3901 93 3984 'in
109 3917 229 3982 unitate
255 3917 383 3998 spiritns
410 3935 603 3983 communem
630 3926 849 3983 nostram-seu
868 3921 974 3983 verius
991 3919 1047 3981 Dei
1064 3933 1191 3979 causam

57 4042 305 4110 propugnemus,
323 4032 397 4088 utve
415 4034 523 4091 contra
535 4024 1074 4105 commonesEcclesiaehostespro
1095 4026 1190 4088 tutius

57 4135 166 4217 populi
177 4133 276 4196 salute
287 4151 347 4196 uno
357 4135 488 4198 ominum
501 4135 718 4216 sitvigiianiie,
729 4152 788 4198 una
801 4137 960 4198 contentio
971 4156 978 4194 r
990 4132 1089 4196 llltem
1097 4133 1190 4195 Vram

56 4240 237 4305 humillimis
269 4241 368 4322 iisque
395 4242 628 4306 instantissimis
656 4241 800 4323 precibus
827 4259 963 4305 exorare
988 4241 1189 4331 sustinemus,

59 4349 216 4431 quatenos
233 4347 318 4411 liltas
335 4349 397 4413 Vra
414 4368 473 4412 ceu
491 4356 577 4410 stans
595 4367 652 4432 pro
670 4367 757 4415 muro
775 4355 886 4413 contra
906 4325 1030 4412 omnem
1048 4345 1189 4409 altitudi-

57 4473 131 4549 nem
149 4452 351 4524 extollentem
368 4457 573 4525 saadversns
591 4457 752 4525 scientiam
766 4457 826 4521 ‘Dei
839 4504 846 4531 ,
858 4456 1022 4529 ‘ioannem
1039 4451 1184 4526 liorlrilr,
