2798 4852
570 244 810 331 -427-

142 434 256 535 passim
274 449 364 545 enni,
392 449 534 533 adeoque
557 450 698 535 vigorem
724 471 829 518 earum
856 471 989 539 uagum,
1013 461 1046 518 et
1067 454 1263 519 fluctuantem

138 574 215 622 esse
231 559 454 639 recognoscit,
472 556 564 638 idque
580 576 619 622 eo
637 560 737 642 magis
755 559 825 622 dum
843 557 903 622 ait:
922 561 952 622 in
969 559 1041 642 lege
1057 563 1158 642 patria
1176 577 1257 624 eou-

136 671 261 728 stanter
277 664 316 727 ab
332 661 467 726 adverse
483 663 640 745 impetita,
665 681 727 729 non
744 664 871 727 multum
887 666 1036 746 praesidii
1053 666 1178 744 adesse,
1195 665 1257 729 de·

137 770 283 833 siderate
299 786 433 851 namque
450 789 466 833 a
483 777 572 849 parte
588 770 782 850 publicorum
799 771 1036 852 Magistratuum
1052 775 1083 835 iu
1101 774 1257 836 evenien-

135 877 224 940 tibus
239 875 556 940 casibus‘ussistentia
568 877 606 941 ad
621 877 734 961 legalis
744 879 816 942 lieet
829 879 1051 961 religiouariae
1068 877 1260 944 educationis

136 982 372 1066 implementum
398 981 563 1047 sollicitata
589 985 641 1047 vix
673 984 838 1067 aliquando
871 985 1007 1049 obtineri
1037 988 1158 1069 possit,
1191 1003 1260 1050 eum
1372 1034 1382 1049 „

136 1092 256 1171 passim
272 1090 405 1153 diversis
421 1088 477 1152 sub
494 1092 690 1170 respectibus
707 1109 764 1171 per
777 1099 1008 1155 concernentes
1019 1089 1261 1167 iurisdictiones

138 1199 260 1264 civiles
278 1214 418 1279 eousque
436 1197 621 1273 declinetur,
638 1196 739 1261 donee
765 1197 900 1263 adultior
916 1206 969 1262 aut
985 1199 1016 1261 in
1033 1216 1144 1263 errore
1160 1198 1260 1263 obdr-

138 1311 221 1369 mata
239 1303 366 1368 soboles
383 1305 630 1386 impensissimes
647 1321 787 1386 quosque
804 1308 835 1368 in
855 1309 903 1369 sui
920 1305 1139 1369 educationem
1156 1323 1259 1370 eona-

136 1422 187 1477 tus
204 1411 321 1475 eludat.
341 1411 527 1476 subversori
545 1429 669 1493 quoque
686 1412 770 1475 istud
788 1413 962 1493 perieulum
977 1415 1008 1476 in
1026 1412 1130 1474 mixtis
1149 1413 1258 1476 matri·

137 1520 272 1594 meniis,
289 1518 341 1582 ubi
357 1534 492 1603 sponsus
518 1526 566 1582 est
582 1516 775 1598 catholicus,
803 1526 834 1583 et
851 1518 975 1602 quidem
992 1536 1009 1581 e
1025 1524 1114 1601 parte
1131 1520 1259 1600 sponsi,

136 1628 256 1691 docent
273 1628 353 1689 baec
379 1634 552 1690 momente:
578 1625 666 1708 quod
678 1624 776 1691 bouus
794 1633 826 1690 et
843 1625 969 1690 zelosus
986 1625 1179 1704 ealbolicus,
1206 1626 1256 1689 oui

136 1752 251 1815 nempe
267 1734 382 1816 religio
398 1733 549 1816 salusque
575 1742 703 1797 aeterua
721 1742 781 1798 tam
797 1751 853 1797 sua
872 1750 962 1815 quam
979 1749 1104 1797 suarum
1121 1732 1255 1815 prelium

135 1843 226 1907 cordi
243 1849 310 1921 est,
334 1858 464 1904 uxorem
491 1842 695 1904 acatholioam
713 1859 878 1922 numquam
895 1841 1009 1914 ducat,
1035 1837 1092 1902 sed
1120 1844 1257 1903 tautum-

134 1947 229 2013 modo
254 1947 376 2031 tepidus
403 1954 455 2010 aut
482 1947 574 2028 plane
599 1947 734 2028 frigidus
761 1944 958 2023 catb'olicus3
992 1962 1127 2029 quonam
1154 1954 1257 2012 autem

132 2050 309 2137 huiusmodi
325 2055 512 2119 catholicum
525 2053 662 2118 adversa
679 2054 835 2136 Religioni
851 2053 1032 2118 Catholicae
1048 2071 1084 2117 ae
1102 2053 1204 2135 tepido
1226 2059 1256 2122 in

133 2162 290 2242 religione
316 2162 384 2224 viro
410 2160 573 2225 dominans
590 2179 674 2226 uxor
689 2160 864 2242 perducere
880 2161 1002 2239 valeat,
1026 2161 1256 2228 trisstissimum

135 2269 312 2350 exemplum
341 2267 371 2328 ln
398 2268 628 2348 sapientissimo
653 2267 773 2350 Regum
800 2266 964 2330 Salamonc
990 2267 1159 2342 babemus,
1186 2278 1253 2334 ete

134 2377 263 2461 propria
287 2375 482 2457 experientia
510 2375 616 2439 curati
644 2375 757 2439 similia
773 2390 945 2439 recensere
962 2381 1101 2439 nossent.
1128 2375 1256 2459 Eparte

135 2490 240 2548 eutem
267 2483 397 2565 prolium
423 2483 522 2545 tristis
539 2489 588 2546 est
614 2483 830 2563 experientia3
864 2483 1014 2563 magistra
1039 2498 1172 2564 namque
1196 2463 1271 2550 hac¹

109 2592 277 2674 perbene
301 2593 461 2663 nevimus,
495 2589 602 2669 proles
628 2591 829 2653 minorenues
856 2605 933 2673 erga
959 2595 1077 2652 matres
1094 2593 1193 2673 magis
1221 2612 1259 2656 ac

135 2716 215 2781 erga
232 2705 341 2781 patres
358 2698 574 2778 propendere,
591 2714 761 2779 curamque
777 2695 974 2768 educationis
992 2713 1099 2759 earum
1117 2716 1180 2762 non
1197 2705 1259 2762 tam

134 2813 246 2890 patres
264 2823 354 2886 quam
372 2812 487 2867 matres
505 2822 679 2878 exercere,
697 2803 819 2886 luceque
836 2788 928 2867 medo
945 2818 1072 2886 semper
1086 2804 1258 2886 perieulum

134 2912 270 2989 adesse,
295 2929 335 2974 ne
361 2912 418 2974 sub
444 2919 535 2993 patre
560 2911 755 2992 alioquinin
780 2911 937 2992 religione
962 2911 1069 2991 tepido
1096 2918 1147 2973 aut
1163 2913 1266 2995 plane-

133 3002 250 3097 fri'gido
276 3037 334 3081 nec
367 3037 428 3081 non
456 3018 550 3081 variis
577 3021 713 3101 negotiis
741 3018 779 3081 ad
805 3017 1021 3099 conquirenda
1046 3020 1129 3080 vitae
1156 3020 1258 3084 media

132 3132 287 3207 occupato
305 3132 404 3190 mater
421 3126 532 3188 talibus
549 3124 715 3207 praesidiis
732 3125 926 3207 praemunita
944 3123 1083 3204 prolibus
1100 3125 1254 3207 principia

132 3231 251 3298 idmodi
276 3231 426 3315 instillet,
453 3248 533 3311 quae
559 3230 850 3294 indifferentismum
875 3232 906 3293 in
931 3227 1088 3310 religione
1115 3224 1250 3312 sapiunt,

131 3361 170 3404 ac
187 3338 295 3422 proles
312 3340 349 3400 iis
367 3339 502 3400 imbutae
528 3356 627 3419 usque
647 3336 694 3401 18.
715 3336 827 3399 aetatis
845 3353 957 3398 anuum
981 3335 1174 3413 adolescant,
1192 3356 1253 3419 quo

132 3445 307 3511 secundum
325 3447 513 3529 praesigens
535 3433 708 3508 lntimatum
725 3442 765 3505 de
781 3443 810 3504 4.
828 3444 911 3524 Aug.
932 3441 1026 3505 1835.
1047 3442 1255 3539 ab-ulteriore

130 3555 342 3636 religionaria·
366 3556 550 3634 quaestione
576 3553 764 3616 eximuntur.
789 3550 827 3612 Ut
851 3551 913 3614 hoe
939 3551 1097 3632 complura
1115 3552 1257 3636 exempla

132 3660 415 3748 palemdoeent.·
524 3685 526 3689 ·

226 3769 256 3830 2.
273 3766 350 3829 Num
368 3783 486 3848 sponse
505 3768 628 3829 amiato
646 3767 843 3829 matrimonio
860 3770 930 3846 post
947 3767 1069 3846 nuptias
1086 3773 1117 3827 et
1132 3773 1256 3848 partum

131 3875 307 3943 secundum
330 3881 518 3936 castanetum
544 3872 819 3943 Ecclesiaecatb.
842 3872 942 3935 ritum·
953 3870 1111 3936 introduci
1128 3869 1258 3954 possit?
1296 3883 1329 3895 “·
1360 3897 1380 3919 ‹-

131 3984 321 4061 Quaestioui
346 3982 416 4044 buic
447 3964 664 4075 obmovendae
691 3999 799 4063 ansam
825 3981 1064 4072 praebuitlipsa
1086 3979 1256 4044 Pastoralis
1354 3978 1357 3983 ’

131 4092 325 4172 duspolim,
353 4092 381 4152 iu
410 4102 471 4168 qua
499 4087 584 4150 clare
602 4090 775 4151 asseritur:
791 4084 949 4171 'perpetua
965 4093 997 4146 et
1013 4093 1178 4157 constante
1194 4086 1258 4150 Ec·

132 4199 258 4265 clasiae
271 4197 359 4260 Calli.
378 4197 518 4259 doctrina
544 4202 631 4257 nratr.
649 4186 794 4257 mixta'in
809 4206 929 4277 genere
953 4193 1078 4277 legibus
1093 4192 1257 4261 Ecclesiae
1355 4219 1376 4274 ,-

133 4310 234 4370 vetita
251 4304 375 4368 nonnisi
402 4305 528 4367 maioris
545 4304 619 4366 beni
637 4320 732 4364 eausa
756 4304 852 4367 certis
869 4305 900 4365 in
917 4303 1040 4365 casibus
1057 4299 1204 4372 tolerari,
1230 4301 1256 4362 si
1371 4364 1384 4389 Ι,

132 4431 215 4487 vero
240 4412 348 4495 gratis
375 4400 471 4476 causa
497 4429 534 4474 ea
552 4410 727 4491 aliquando
746 4410 915 4490 suaderet,
943 4409 1010 4473 nou
1022 4407 1113 4472 aliter
1129 4407 1254 4480 admitti,
1336 4394 1340 4403 “
