2798 4852
462 269 854 368 fana-w

60 463 134 533 dari
149 463 189 526 ab
205 461 266 536 iis,
286 461 347 543 qui
362 460 544 527 libertatem
560 461 829 528 conscientiarum
846 469 1011 549 tantopere
1028 468 1119 535 cordi
1134 469 1212 535 ba··

10 620 17 625 .
67 569 176 633 beni?
252 648 255 654 Ι

159 674 287 750 Verum,
304 685 349 756 ut,
367 695 446 759 quaa
462 675 521 763 ipsi
538 695 595 741 sau
613 665 806 757 queruntur,
834 681 901 744 sive
917 680 1077 762 postulant
1087 703 1097 759 3
1121 690 1196 754 turn,

63 801 153 865 quae
170 799 231 847 uos
248 784 295 846 eis
311 784 493 864 reponenda
511 764 737 858 censuerimus,
755 792 788 847 et
798 790 1006 868 reposuimus,
1018 787 1195 875 bgnobblaj.

63 889 153 952 Vrae
169 888 283 953 SSmae
299 891 419 953 obtutui
434 909 491 972 per
503 898 600 957 totum
611 897 749 971 pateant,
759 890 809 954 hic
821 893 850 954 iu
862 891 1017 974 prolunda
1028 895 1197 961 submissi·

61 1012 129 1059 one
146 994 321 1060 adiicienda
334 998 560 1059 arbitrabamur
570 998 684 1079 potius,
695 1014 787 1077 mam
796 996 920 1062 Nostris
930 998 978 1061 his
989 983 1137 1083 precibus
1148 1003 1192 1075 σί.

62 1101 250 1167 intexenda.
269 1101 312 1191 ln
327 1120 458 1182 quorum
477 1083 558 1167 nexu
576 1106 700 1167 nomine
726 1101 821 1166 totius
838 1104 1019 1168 Catholicae
1035 1106 1068 1173 in
1082 1106 1210 1188 Regno.

64 1208 253 1291 Apostoliao
270 1210 445 1283 Ecclesiae,
462 1218 535 1289 post
550 1210 649 1272 Deum
666 1226 790 1288 semper
805 1209 837 1271 iu
853 1210 925 1294 Maj.
942 1210 1005 1274 Vra
1020 1210 1114 1275 SSma
1132 1230 1192 1276 ceu

65 1334 167 1380 verae
184 1318 308 1398 pietatis
324 1323 357 1378 et
371 1317 536 1399 religionis
552 1333 616 1379 non
632 1317 732 1379 miuus
749 1333 840 1395 quam
858 1317 976 1399 sceptri
993 1334 1207 1398 coronaeque-

68 1423 289 1503 gloriosorum
316 1431 532 1488 antenatorum
559 1441 686 1494 suorum
711 1423 896 1506 dignissimo
922 1424 1080 1502 haerede,
1111 1442 1198 1508 spem
1245 1462 1248 1467 -

64 1547 159 1592 suam
175 1528 430 1610 praesidiumque
447 1529 641 1609 reponentis,
668 1528 839 1592 occidimus
855 1527 893 1591 ad
910 1528 1076 1612 Augustus
1089 1531 1197 1614 pedes,

66 1653 259 1716 oramusque
285 1634 368 1697 omni
393 1652 452 1714 qua
477 1653 535 1717 par
552 1642 599 1698 cst
617 1633 825 1709 demissione,
852 1635 1000 1718 dignetur
1024 1637 1113 1701 malis
1137 1637 1198 1718 his,

62 1742 377 1824 impetitionibusque
394 1741 487 1804 toties
503 1741 813 1815 recrudescentibus,
830 1741 1031 1825 officiumque
1046 1744 1211 1826 Nostrum

62 1847 219 1915 continuo
238 1848 436 1912 turbantibus
462 1848 584 1913 modurn
602 1847 845 1912 clementissime
871 1866 1010 1932 ponera,
1042 1857 1137 1930 atque
1166 1840 1217 1915 ut

69 1956 275 2037 querulantes
294 1955 344 2018 isti
366 1958 446 2019 inter
473 1955 632 2018 caucellos
657 1954 759 2037 legis,
786 1958 831 2019 uti
855 1956 888 2019 in
913 1954 1054 2033 favorem
1070 1955 1210 2036 illorum,

20 2099 24 2104 -
66 2063 166 2137 latae,
183 2065 225 2126 ita
243 2071 396 2145 perpetuu
412 2062 576 2134 valiturae,
594 2079 686 2141 quam
701 2059 766 2125 Nes
783 2080 862 2144 erga
883 2061 958 2125 illus
973 2062 1068 2146 plene
1085 2063 1201 2141 obser·

71 2189 150 2233 vara
166 2169 264 2233 Nobis
281 2170 401 2233 conscii
418 2187 534 2241 sumus,
554 2188 589 2231 se
606 2168 796 2241 contineant,
813 2185 917 2248 neque
932 2167 1018 2243 ultra,
1030 2169 1199 2250 quidquam

68 2295 192 2350 eorum,
210 2295 291 2358 quae
306 2275 546 2356 postulaverint,
564 2277 736 2353 obtineant,
753 2281 910 2356 potestate
926 2293 984 2338 sua
1000 2274 1090 2356 regia
1106 2275 1198 2339 herri-

66 2384 227 2467 guissime
243 2381 427 2464 providere,
451 2399 554 2462 neque
571 2384 762 2464 permittere,
779 2387 811 2444 ut
827 2380 1008 2462 perniciosa
1023 2380 1076 2444 illa
1093 2379 1202 2449 bicibi

64 2496 222 2578 contextu
238 2488 453 2571 gravaminum
470 2506 598 2553 suerum
616 2506 725 2570 sparsa
741 2490 904 2569 principia,
931 2505 1011 2568 quae
1028 2488 1120 2552 latam
1136 2507 1197 2573 pa·

68 2605 252 2677 dentemque
266 2596 351 2658 viam
379 2603 525 2658 sternunt
547 2594 807 2659 indifferentisma
824 2601 856 2657 et
871 2592 1105 2670 incredulitati,
1121 2582 1199 2659 aar·

69 2720 153 2788 pare
168 2703 429 2783 invalescereque
445 2700 590 2765 audeant.
614 2700 692 2765 Nam
710 2719 813 2782 neque
824 2698 905 2765 villud
921 2716 1110 2780 possumus,
1124 2699 1203 2782 quin

68 2808 145 2893 hlaj.
163 2809 247 2873 Vrae
264 2808 377 2873 SSmae
393 2810 552 2891 praesenti
569 2808 687 2885 Nostro
704 2807 874 2871 humillime
897 2824 1030 2893 recursu
1045 2804 1224 2891 memora-J

68 2934 164 2981 uuus:
183 2913 265 2998 quod
283 2915 389 2980 Status
406 2923 436 2977 et
448 2916 604 2979 Ductores
616 2915 800 2997 Evangelici
811 2903 974 2997 utriusque
986 2913 1202 2979 confessionis

65 3023 197 3087 nimium
215 3028 364 3108 quantum
380 3021 441 3082 iam
459 3012 684 3083 desciverinta
710 3037 837 3083 suarum
863 3020 937 3085 olim
962 3019 1202 3106 confessionum

67 3127 228 3192 doctrinis
239 3146 303 3193 nou
319 3135 437 3191 tantum
453 3127 485 3189 iu
501 3127 725 3209 praeiudicium
743 3144 839 3189 verae
850 3125 1031 3190 Catholicae
1048 3125 1130 3198 fidei,
1148 3123 1221 3221 sad·
1249 3171 1262 3185 ..

64 3221 167 3300 e'tiam
182 3233 214 3295 in
232 3235 404 3318 perniciem
430 3234 527 3296 totius
553 3232 742 3294 christianae
758 3230 955 3329 Religionis5
979 3231 1195 3316 sepositisqua
1308 3268 1311 3273 ·

77 3362 161 3428 quos
178 3343 250 3406 elin
267 3341 514 3424 profitebantur,
541 3340 722 3422 symbolicis
747 3339 814 3402 suis
839 3337 952 3414 libris,
977 3339 1037 3403 latu
1065 3339 1222 3431 Plerique·
1345 3416 1348 3421 ι
1380 3420 1385 3424 ¹

73 3451 274 3517 adhaereant
289 3452 384 3514 meris
401 3449 614 3534 Naturalismi,
631 3449 768 3517 Deismi,
787 3444 1067 3528 Socinianismique
1084 3444 1205 3511 doctri·
1306 3508 1309 3513 .

74 3559 140 3624 uis.
166 3557 200 3621 ld
227 3556 354 3638 quodsi
379 3574 478 3639 penes
502 3557 573 3620 illos
600 3563 717 3620 tanturn
735 3561 895 3627 maneret,
922 3556 1071 3636 aequiore
1098 3557 1209 3640 utiquo
1262 3611 1266 3621 ,

69 3666 233 3746 {erremus
259 3667 381 3741 anim03
407 3663 463 3727 sed
489 3683 558 3728 eum
586 3684 603 3728 e
628 3669 731 3727 mutua
755 3664 999 3727 conversatione
1020 3650 1213 3752 ,perieulum
1308 3698 1320 3749 ·.

71 3774 127 3846 sit,
155 3791 198 3862 ne
224 3772 256 3833 in
271 3769 458 3854 Apostolieo
484 3770 543 3839 hoc
568 3769 640 3853 blaj.
665 3770 748 3834 lirae
776 3769 891 3836 SSmae
915 3768 1030 3850 Regno
1047 3768 1209 3861 Catholici

73 3879 204 3960 queque
221 3858 331 3940 lideles
348 3879 475 3941 trahant
492 3876 717 3965 incredulitatis
734 3878 936 3959 contagium,
962 3877 1025 3941 hoc
1040 3883 1100 3950 est,
1115 3873 1227 3957 quod.
1253 3943 1258 3954 ,
1320 3934 1325 3965 .-

57 3983 318 4067 .sollicitudinem
347 3990 485 4049 nostram
510 3984 701 4066 pastoralem
727 3983 944 4047 vehementius
969 3985 1120 4066 exagitat.
1145 3966 1211 4049 lli·¹

75 4099 199 4176 guetur
217 4091 290 4175 lllaj.
307 4091 370 4154 Vra
389 4091 482 4158 SSma
500 4091 558 4154 bac
572 4108 702 4174 precum
718 4089 932 4168 Nostrarum,
947 4106 1025 4173 quas
1049 4093 1081 4154 iu
1096 4095 1205 4172 pater·-
1244 4164 1247 4169 ,

75 4217 152 4271 nuru
171 4197 273 4279 sinum
289 4197 477 4261 fiducialiter
488 4197 686 4271 ellundirnus,
704 4195 892 4260 admissione
902 4195 1082 4265 Catholicae
1092 4195 1207 4267 Eccle-

77 4309 154 4380 siae,
170 4306 258 4370 cuius
275 4303 340 4370 Nos
358 4304 479 4388 indigni
496 4306 632 4373 ministri
657 4292 784 4378 sumus,
809 4321 918 4386 pacem
943 4304 1208 4387 securitatemque
