2798 4852
588 270 810 347 ...49-

180 464 338 545 amotionem
366 464 403 530 et
424 481 503 530 sane
530 482 593 531 non
610 482 709 533 ausus
727 467 841 533 luisset
856 468 1032 552 Episcopus
1050 468 1169 534 tenoris
1186 484 1265 535 auc-

113 582 115 591 ·
173 588 224 638 nu
235 571 358 639 idedun
375 575 490 639 animis
505 574 683 641 huiusmodi
699 591 799 640 vanos
814 582 957 642 terrores
972 575 1126 651 iniicere,
1143 585 1175 642 et
1192 577 1266 644 rice

169 698 256 757 rasso,
277 683 305 746 si
319 698 377 764 per
394 678 548 763 desidiam
566 700 623 747 sno
640 682 807 766 aliquando
825 683 979 749 defuisset
997 683 1125 761 officio,
1142 686 1265 767 ipsius·

162 790 412 856 rrotconscientia
429 793 520 873 gravi
544 791 671 874 piaculo
696 797 881 856 oneraretur
905 793 938 856 in
954 793 1119 858 tremendo
1135 794 1195 859 Dei
1213 792 1264 858 iu-

164 884 234 962 (t'tio.
247 898 277 962 2.
293 898 448 972 Quoniam
465 901 591 981 antiqua
607 899 639 965 in
656 899 715 963 hac
730 902 866 983 regione
882 902 1005 982 praxis,
1025 900 1065 965 ad
1082 918 1173 985 quam
1188 900 1266 966 Ero.

164 1000 302 1070 decretis
328 1003 485 1089 appellat,
511 1012 560 1069 est
585 1007 655 1070 veri
682 1006 815 1071 nominis
831 1009 1015 1092 corruptela
1032 1015 1064 1073 et
1080 1008 1267 1075 manifestus

163 1110 254 1179 mun
270 1118 384 1181 ooutra
400 1119 515 1177 statuta
533 1132 570 1177 ac
586 1112 678 1198 leges
695 1114 879 1189 Ecclesiae,
906 1121 1072 1198 propiores
1092 1117 1170 1182 lracc
1187 1134 1268 1182 con*

158 1220 272 1286 sratudo
287 1238 448 1304 uunquam
463 1223 524 1285 vim
541 1223 800 1306 praescriptionis
817 1223 963 1287 obtinere
979 1216 1097 1306 potest
1114 1222 1145 1291 8.
1161 1222 1197 1289 ln
1207 1225 1268 1290 hoc

166 1344 262 1410 penem
286 1328 507 1412 quaestionum
532 1329 728 1412 prodeuntes
758 1328 997 1405 ordinationes,
1029 1333 1119 1396 cuius
1144 1348 1268 1414 quoque

164 1434 255 1503 indolis
279 1442 332 1502 est
356 1435 512 1502 ordinatio
541 1455 559 1499 a
584 1436 780 1503 consistorio
801 1436 1025 1503 Podlachiensi
1050 1445 1192 1503 emanata
1216 1436 1268 1502 die

162 1540 296 1610 tidelm.
311 1542 408 1608 1830.
420 1560 483 1608 non
499 1543 592 1610 modo
609 1562 673 1609 uon
689 1543 900 1610 adversentur
918 1547 1092 1611 canonibus
1105 1544 1269 1610 Ecclesiae
1359 1570 1364 1581 ·

166 1647 320 1727 dimotis
339 1654 486 1736 quinimo
502 1651 647 1736 proximo
663 1668 700 1716 ac
711 1654 844 1716 maximo
858 1671 943 1716 nexu
960 1669 1068 1718 secum
1085 1651 1268 1727 cohaerent,

168 1759 227 1839 prod
241 1761 278 1824 ad
296 1761 421 1848 oculum
437 1760 583 1844 probabit
599 1760 674 1824 Exc.
685 1759 833 1824 Generali
854 1760 1052 1842 Rescriptum
1069 1761 1270 1827 commissio-

166 1866 200 1929 nis
219 1869 322 1934 Cultus
346 1876 379 1932 et
403 1868 490 1932 Publ.
516 1867 755 1940 lustracione,
782 1866 820 1930 de
848 1884 910 1950 pao
937 1870 1084 1953 saperius
1110 1868 1193 1933 lacta
1220 1875 1269 1931 cst

166 1976 276 2053 nertio,
302 1977 419 2042 editum
446 1979 478 2040 in
503 1979 565 2041 vim
591 1977 771 2058 opinionum
796 1993 834 2039 ac
850 1975 1038 2040 iudiciorum
1065 1978 1270 2056 ipsorummet

166 2084 340 2151 merdosum
357 2082 693 2161 Gracco-nassonem,
718 2086 869 2165 iussuque
894 2083 935 2148 ll.
952 2084 1050 2147 Ducis
1076 2082 1269 2147 Constantini

166 2183 304 2271 topiorum
314 2191 462 2256 Poloniaa
473 2193 563 2272 Supr.
577 2191 735 2255 Praefecti
748 2191 905 2273 vulgatum
917 2188 1268 2253 dle30.l)ec.1829.-

165 2290 306 2364 Panemo
332 2298 427 2363 audet
451 2276 625 2380 Episcopus
653 2314 789 2379 rogare,
821 2316 861 2360 ne
888 2296 965 2361 Exc.
994 2296 1161 2360 Generalis
1186 2298 1270 2360 sinat

163 2396 284 2473 fiduciam
301 2424 388 2471 suam
403 2423 565 2489 exponere
581 2406 771 2480 discrimini,
788 2424 893 2488 neque
918 2404 1070 2489 deinceps
1087 2406 1218 2469 consilia
1235 2422 1271 2469 oc

117 2536 123 2545 ·
162 2502 381 2581 dilucidatioues
397 2521 529 2597 quaerat
544 2512 625 2595 apud
639 2514 817 2579 huiusmodi
833 2513 1088 2588 ecclesiasticos,
1116 2515 1168 2595 qui
1191 2530 1272 2595 pro·
1390 2554 1393 2559 -

159 2611 247 2689 dendo
263 2639 300 2688 se
316 2629 371 2687 aut
385 2622 418 2686 in
434 2623 531 2686 rebus
547 2624 647 2687 sacris
664 2631 695 2685 st
711 2621 786 2685 fidoi
802 2638 934 2704 prorsus
959 2619 1074 2694 rudes,
1098 2626 1150 2684 aot
1175 2619 1272 2683 dere-

155 2728 254 2801 stores
279 2738 313 2795 et
336 2732 517 2813 hypocritas
543 2731 636 2809 esse,
661 2729 883 2811 amplissimum
908 2729 945 2793 D.
968 2726 1132 2792 Generrlis
1157 2728 1271 2792 nomen

151 2832 302 2903 adducunt
317 2838 356 2902 ad
371 2841 584 2921 ignorantiam
599 2856 724 2910 rarum.
753 2854 833 2920 quas
850 2854 906 2900 sua
920 2838 1028 2920 signat
1043 2851 1144 2898 mann.
1169 2833 1271 2898 dano·

146 2939 278 3013 necate
290 2944 545 3015 1881111832.
556 2946 696 3014 loannes
708 2946 877 3011 llorcellus
888 2932 1272 3028 Gntacwclntapiscopis.

663 3182 753 3257 439.

121 3320 388 3418 comptonam
406 3354 642 3415 Podlaoluicuse
659 3356 753 3415 matr.
766 3354 867 3413 mixta
886 3352 1044 3420 benedict:
1063 3351 1130 3413 imo
1149 3352 1180 3409 et
1194 3362 1274 3422 pro·

317 3449 461 3519 mulcari
480 3446 585 3506 denuo
604 3445 765 3521 prohibet,
785 3445 841 3502 dd.
860 3443 1102 3519 enuntiasse.

217 3612 223 3619 ·
237 3599 419 3666 Occasione
434 3607 565 3665 exortae
582 3599 614 3663 in
630 3597 783 3661 Paroohia
800 3595 997 3662 Siedlecensi
1022 3595 1217 3677 quaestionis
1235 3593 1274 3657 de

113 3694 365 3782 Qatnnonio,
401 3705 482 3791 qnod
510 3706 687 3771 catholicus
721 3704 843 3787 quidam
874 3722 944 3768 cum
976 3703 1108 3767 muliere
1136 3700 1274 3766 consess.

113 3800 262 3903 ‘'vang.
278 3819 361 3903 inire
377 3819 494 3893 voluit,
516 3813 752 3880 illustrissimus
769 3812 899 3878 Praesul
916 3811 955 3875 de
971 3811 1095 3894 legibus
1110 3808 1276 3871 Ecclesiae

113 3910 261 3990 Structo
287 3926 493 3991 observandis
510 3925 665 3988 sollicitus
682 3922 897 3986 necessarium
924 3919 1116 3982 existimarit
1132 3915 1277 3979 commit-

113 4004 220 4098 tEre
237 4034 457 4111 consistorio,
482 4038 515 4096 at
541 4036 711 4094 renovaret
736 4028 977 4112 prohibitionem
993 4026 1151 4104 rescripto
1168 4020 1279 4085 conm-
1337 4110 1340 4115 ι

113 4128 272 4207 ⁸tortoli
303 4140 417 4204 dedic
442 4137 496 4203 27.
521 4139 612 4202 Febr.
641 4136 737 4200 1830.
769 4154 826 4219 per
853 4128 1279 4216 dioecesimpromulgatam

117 4242 257 4324 Quoad
271 4266 336 4312 nou
351 4246 561 4329 permittenda
587 4253 619 4310 et
634 4262 697 4309 non
713 4239 932 4308 benedicenda
947 4240 1145 4304 matrimonia
1162 4250 1280 4320 perso-

123 4350 263 4423 ¹utrium
279 4355 503 4421 catholicarum
520 4371 589 4417 cnm
606 4352 699 4416 aliter
715 4349 928 4416 credentibus.
955 4344 1185 4412 Consistorium
1203 4354 1281 4409 exe·

131 4464 273 4531 thioni
289 4460 439 4529 mandans
456 4462 537 4525 hauc
553 4459 624 4526 salo
640 4479 699 4543 pro
715 4461 799 4525 bono
814 4456 993 4543 Religionis
1018 4455 1144 4541 plenam
1160 4453 1281 4517 iussio*

192 4587 350 4656 Boslsoodsm,
363 4586 482 4641 deMatr.
495 4583 592 4637 Meletos.
608 4582 659 4637 111.
1007 4590 1010 4595 ’
1056 4577 1076 4631 1
