2798 4860
526 218 905 345 ---sra.--''¹

71 546 77 557 ι
140 469 264 535 vulneri
286 467 397 533 iisdem
422 464 508 530 illato
538 467 690 532 difficilius
716 467 816 549 possit
836 464 956 530 medela
976 464 1103 538 adferri,
1128 467 1244 548 quamsi

130 562 262 663 'tempus
280 578 489 659 opportunum
507 583 707 658 expectatum
724 575 831 641 luerit.

51 770 53 775 Ι
228 682 351 748 Idcirco
367 682 547 747 humillimis
559 684 710 767 'precibus
728 683 847 748 accedo
864 679 1092 747 celsitudinem
1109 681 1246 759 Vestram,

141 793 266 857 utmihi
296 794 379 856 inter
406 788 536 872 scyllam
563 798 594 854 et
623 791 807 873 charybdim
833 793 1004 855 constituto
1030 790 1248 872 sapientissima

142 918 198 965 sua
216 899 388 963 ioviatione
406 914 594 962 succurrere
605 898 752 982 dignetur
762 898 793 963 in
805 916 858 962 eo:
870 917 909 961 an
921 895 959 961 ad
970 896 1152 980 effectivam
1160 899 1249 978 passi·

139 1025 197 1070 vae
212 1009 243 1084 in
261 1005 432 1072 emersuris
449 1007 615 1071 mixtorum
633 1013 721 1070 matr.
742 1006 868 1070 casibus
897 1007 1100 1070 assistentiae
1118 1004 1249 1069 introdu-

134 1117 269 1180 ctionem
286 1115 402 1197 absque
419 1131 505 1178 mora
520 1113 755 1199 procedendum
768 1116 881 1191 ueniat,
900 1121 1154 1196 antverousque
1166 1113 1245 1176 linem

135 1223 357 1288 imminentium
374 1224 406 1286 in
422 1223 654 1286 Transsilvania
669 1222 868 1288 Comitiorum
884 1223 1017 1286 camilla
1029 1219 1246 1305 expectandam

81 1410 84 1416 ἱ
134 1332 279 1415 sitlllgo
295 1333 434 1415 ingenae
451 1329 563 1407 fateor,
581 1329 738 1412 quodnon
755 1331 828 1395 mihi
845 1336 975 1404 tantum,
988 1329 1047 1394 sed
1065 1339 1098 1394 et
1116 1330 1244 1397 omuibus

22 1486 25 1494 .
43 1423 46 1428 ’
136 1438 210 1519 illis,
227 1441 279 1521 qui
296 1440 387 1502 situm
404 1443 437 1501 et
454 1454 571 1501 summe
589 1438 718 1502 criticas
743 1440 773 1501 in
791 1437 1031 1505 Transsilvania
1048 1438 1246 1503 circumstan-

136 1549 196 1611 tias
213 1548 348 1611 intimius
365 1552 510 1620 noscunt,
527 1547 616 1629 prius
633 1560 690 1609 seu
707 1545 883 1609 immediata
894 1545 1091 1609 introductio
1107 1563 1168 1609 non
1182 1561 1246 1626 pos:

126 1643 176 1717 “sit
192 1655 291 1718 relate
309 1652 431 1717 adrem
458 1654 643 1718 catholicam
660 1652 837 1735 periculosa
864 1669 926 1717 non
951 1640 1078 1727 videri,
1104 1654 1245 1735 posterius

134 1780 222 1841 vero¹
240 1761 434 1844 acceptabile
461 1778 544 1826 esse.
570 1762 716 1825 Ceterum
741 1779 804 1843 ego
830 1760 1000 1843 sapientem
1026 1766 1060 1822 et
1093 1761 1246 1824 salutarem

29 1863 32 1870 ’
134 1870 335 1935 celsitudinis
353 1871 487 1934 Vestrae
504 1871 705 1935 inviatiomem
732 1869 867 1932 demisse
894 1869 1059 1952 efflagito,
1092 1875 1125 1934 et
1151 1866 1245 1932 anhele

30 2038 36 2049 ,
132 1978 361 2060 praestolabor.
381 2011 419 2026 -
440 1976 636 2061 Claudiopoli
663 1978 691 2040 l.
719 1978 821 2041 Martii
843 1975 937 2041 1841.
964 1976 1119 2042 Nicolaus
1137 1977 1244 2048 llovlts,

131 2082 235 2170 Eppus
252 2084 423 2152 Transsilv.
1134 2121 1137 2127 ·

654 2301 742 2374 626.

132 2440 311 2548 blneyeliea
324 2473 482 2546 Episcopi
508 2472 816 2529 Transsilvantensls
838 2473 877 2530 de
900 2474 1016 2533 mixtis
1030 2455 1242 2540 matrimonia,

407 2564 410 2569 “
471 2565 523 2620 die
542 2566 593 2622 ab.
607 2563 709 2636 April.
723 2563 809 2622 1841.
824 2565 919 2622 edita.
959 2579 962 2586 ·

221 2735 342 2807 Quanto
360 2734 462 2796 studio
480 2731 575 2798 Sedes
592 2733 775 2815 Apostolica
801 2735 920 2799 intenta
939 2754 1070 2818 semper
1090 2739 1197 2813 luerit,
1218 2740 1241 2797 nt

131 2843 316 2904 matrimonii
330 2841 564 2905 Sacramentum
582 2845 613 2906 im
631 2860 686 2905 sua
704 2845 837 2923 puritate
857 2852 1095 2922 conservetur,
1130 2848 1240 2930 ipsaque

132 2948 369 3011 administrandi
386 2946 466 3011 illius
483 2951 563 3012 ratio
582 2947 619 3011 ad
630 2950 791 3013 Ecclesiae
803 2950 978 3014 catholicae
998 2951 1177 3018 doctrinam
1187 2957 1239 3034 apta

131 3057 363 3137 exprimendam
380 3064 556 3139 comparata
574 3060 623 3135 sit,
641 3059 921 3123 vetustissimorum
951 3047 1133 3144 temporum
1150 3077 1238 3125 mono·

9 3224 11 3228 .
131 3171 235 3227 menta
254 3172 361 3244 aperte
378 3172 542 3229 testantur.
568 3165 684 3229 Eodem
701 3166 769 3231 zelo
787 3166 922 3231 tuendae
940 3169 1123 3234 catholicae
1139 3167 1235 3233 doctri·

130 3290 191 3335 nae
209 3272 292 3335 ducti
307 3275 480 3337 recentiori
496 3281 597 3338 aetate
610 3274 775 3339 Pontifices
787 3275 915 3340 Romani
932 3278 1014 3342 nihil
1033 3299 1101 3344 non
1117 3278 1235 3364 egerunt
1276 3338 1278 3347 .

30 3460 33 3465 .
129 3388 162 3444 ut
178 3378 409 3446 invalescentes
427 3384 484 3446 hac
501 3383 533 3445 in
550 3389 639 3465 parte
657 3385 694 3447 ab
707 3384 861 3448 ecclesiae
878 3387 1043 3470 principiis
1063 3390 1233 3455 deviationes
1276 3370 1278 3399 ⁵

130 3488 340 3572 corrigerent,
359 3498 389 3553 et
404 3489 487 3553 illam
505 3494 689 3574 praesertim
706 3496 835 3574 praxim,
862 3513 922 3576 qua
940 3497 1099 3562 catholici
1116 3494 1232 3582 personis

128 3596 262 3659 asacris
289 3597 450 3662 catholicis
479 3598 589 3663 alienis
616 3601 693 3665 citra
721 3602 874 3666 adhibitas
897 3607 1045 3670 cautelas
1064 3608 1104 3670 ab
1122 3602 1231 3669 eeclesia

127 3703 280 3768 catholica
297 3708 414 3787 requiri
432 3708 549 3784 solitas,
569 3710 692 3771 vinculo
705 3711 921 3801 matrimoniali
935 3714 1131 3796 junguntur,
1147 3728 1229 3778 eman·

8 3810 16 3815 ’
127 3811 248 3875 darent.
274 3811 340 3876 lloc
367 3831 463 3894 scopo
490 3835 566 3879 sane
593 3818 834 3883 constitutiones
860 3819 930 3883 illae
958 3816 1228 3890 berenhardi-i

126 3918 170 3982 Pii
185 3920 266 3994 vl-i,
285 3921 328 3983 Pii
346 3919 446 3985 Vlll-i
457 3966 466 3998 ,
493 3925 607 3986 Leonis
624 3923 712 3988 Xll-i
731 3933 762 3987 et
778 3925 946 3990 ecclesiam
967 3931 1154 3996 catholicam
1169 3943 1228 3992 nona

126 4026 259 4091 feliciter
276 4028 484 4111 gubernantis
494 4028 641 4114 Gregorii
651 4031 752 4097 XVI-i
770 4037 958 4100 summorum
971 4037 1226 4104 Pontibcomena·

125 4143 250 4212 narunt3
282 4122 392 4217 quibus
411 4138 622 4204 cohaerenter
640 4139 677 4203 ad
695 4145 889 4207 constantem
900 4146 1066 4211 ecclesiae
1084 4146 1227 4213 carnotum

125 4236 294 4304 doctrinam
312 4242 446 4307 edictum
465 4254 529 4309 est:
556 4227 780 4338 catholicorum
799 4271 868 4315 com
886 4255 1078 4321 acatholicis
1095 4257 1225 4321 matrina·

127 4346 178 4408 nia
195 4382 239 4392 -
255 4351 338 4429 quod
365 4372 427 4417 non
454 4374 562 4436 parum
593 4358 762 4438 spiritualis
779 4360 909 4442 periculi
925 4380 1004 4443 prae
1024 4383 1061 4430 se
1077 4367 1185 4430 ferrent
1198 4388 1223 4404 -

124 4451 247 4534 legibus
265 4458 421 4524 ecclesiae
438 4463 607 4528 interdicta
625 4482 707 4543 esse,
725 4471 777 4529 aut
792 4468 819 4531 si
835 4468 946 4551 gravis
965 4471 1134 4554 aliquando
1153 4477 1221 4534 aaut
