2798 4852
578 225 971 336 ..ene-41·

131 457 298 521 Actionem
314 459 542 554 benignissime
558 475 687 521 cassare
715 416 872 542 dignetur
896 460 1034 548 Assidue
1062 479 1131 524 cum
1154 436 1229 526 dien

116 565 160 625 'et
176 564 288 644 populo
307 563 470 644 llioecesis
496 580 582 628 meae
599 583 655 645 pro
672 566 886 630 incolumitate
910 568 1085 664 faustoque
1094 569 1231 649 regimine

130 671 199 733 llai.
217 671 299 735 Vrae
316 670 425 736 SSmae
441 652 585 736 Divinum
602 673 721 737 Numen
738 662 933 759 precaturus,
950 660 1145 739 Clementiae
1157 677 1231 738 Caes

129 778 249 858 Regiae
275 797 323 842 me
341 779 518 843 humillime
535 781 677 846 devoveo
704 789 765 846 etc
807 781 976 852 ‚Cassdviae
1003 783 1054 847 dre
1080 786 1109 847 5
1122 784 1234 865 Aprilis

65 917 69 923 -
133 884 226 948 1841.

584 1040 795 1054 ..unu—¹·-

481 1162 708 1232 Mo'namenta
723 1164 901 1236 ‘Romana
915 1193 929 1224 ·.
949 1240 956 1247 ,
1066 1217 1069 1221 .
1170 1192 1175 1208 ⁴

536 1355 550 1379 .
649 1337 803 1416 597„

82 1568 86 1574 ,
133 1502 241 1567 Prima
254 1512 521 1584 Repraesenlalio
534 1513 619 1584 Eppi
634 1491 863 1569 Gsanadieusis
885 1513 925 1569 ad
938 1515 1110 1575 Sournrnnr
1124 1512 1236 1602 Pontid-

281 1599 353 1673 ee'nr
366 1602 418 1659 dd
432 1604 462 1660 8.
473 1603 549 1659 Dec.
560 1587 672 1660 stilti·
664 1619 696 1659 ιιι
710 1605 826 1660 merito
840 1606 932 1659 matr.
944 1604 1133 1670 mixtorum,

75 1820 79 1824 ,
122 1824 125 1830 ,
162 1721 169 1726 ¹
223 1753 404 1822 Bcatrssrme
420 1753 531 1816 Pater!
556 1751 703 1833 Bonrgms
716 1753 896 1816 sanctitatis
908 1752 1040 1841 Vestrae
1052 1751 1237 1816 russrsobse

51 1940 56 1947 ¹
135 1877 224 1938 quor,
250 1859 319 1922 dum
336 1861 393 1927 bas
420 1862 458 1923 ad
477 1861 681 1927 sanctitatem
699 1860 841 1924 Vestram
861 1858 1021 1950 dirigere,
1049 1877 1087 1921 ao
1104 1877 1182 1940 qnae
1197 1876 1239 1938 pro

26 2024 30 2033 .
72 2012 75 2019 -
120 1967 552 2057 ·llandatomihiperSeam
575 1969 774 2031 Maiestatem
802 1967 1026 2047 lmperatorein
1052 1964 1196 2051 nustriae
1216 1970 1238 2024 et

140 2075 258 2156 Regem
285 2093 384 2138 meum
411 2076 623 2157 Apostolicam
649 2095 667 2138 e
692 2074 804 2137 lrducia
830 2075 942 2137 etiam
949 2071 1094 2168 Fratrum
1123 2073 1240 2135 meorum

15 2268 21 2276 .
85 2193 100 2266 j
136 2151 1022 2266 RegniHungariaeldpiscoporumhonorificentissimo
1038 2165 1241 2258 munerepro·
1283 2238 1286 2251 ,

75 2324 78 2329 -
110 2291 226 2354 ἰιίιιιίε
251 2290 300 2352 his
326 2272 438 2352 diebus
456 2287 583 2376 Eidem,
593 2288 859 2352 Eminentissimo
886 2284 959 2355 item
975 2284 1149 2351 Cardinali
1160 2285 1242 2348 Status

18 2391 21 2397 '
34 2426 43 2484 '.
112 2409 114 2414 ·
127 2396 332 2476 secretario,
344 2405 374 2461 et
384 2398 499 2477 lllustr.
511 2370 654 2460 Praelata
665 2393 803 2461 Brunelli
813 2395 912 2458 rivae¹
921 2395 1008 2477 vocis
1019 2393 1190 2477 ministerio
1199 2410 1243 2453 er-

24 2555 29 2563 .
129 2490 1244 2587 monendifortunamn'actussum,literisetiamcomprehensabenigno

139 2612 318 2676 sanctitatis
336 2615 467 2680 Vestrae
487 2612 605 2676 obtutui
625 2615 828 2675 substernere
850 2628 1028 2694 praesumo,
1041 2608 1239 2673 felicissimum

58 2733 77 2761 ·‘
141 2739 189 2782 me
206 2722 275 2783 inre
293 2739 361 2783 meo
379 2721 586 2803 praedicans:
604 2720 685 2799 quod
704 2722 784 2782 nova
802 2720 881 2781 hacc
899 2719 969 2783 milri
981 2718 1244 2798 obtigeritoppor·

139 2830 263 2901 tunitas,
291 2847 331 2898 ex
347 2836 435 2909 parte
453 2829 573 2908 quidem
591 2820 816 2909 Angustissimi
834 2828 894 2888 mei
911 2825 1067 2906 Principis
1094 2826 1243 2905 ingenuam

39 2956 42 2962 ’
139 2935 242 2997 filialis
260 2954 276 2996 a
294 2935 458 2999 Maioribus
476 2939 541 2999 suis
559 2934 755 2998 haereditate
773 2941 921 3014 acceptae
946 2935 1073 3014 pietatis
1090 2931 1246 3013 professio·

63 3085 69 3092 -
141 3061 212 3104 nem
230 3043 268 3104 ad
287 3043 489 3107 sanctitatem
500 3045 645 3106 Vestram
662 3043 782 3122 scripto
801 3041 894 3106 etiam
910 3039 1108 3122 perferendi,
1127 3042 1247 3119 exparte

143 3167 220 3212 vero
238 3150 464 3232 Episcoporum
482 3151 628 3217 immotae
653 3168 731 3211 suae
757 3151 790 3210 in
807 3147 1024 3228 Apostolicam
1043 3145 1176 3218 Sedem,
1200 3143 1247 3203 Ca·

39 3307 45 3315 .
89 3308 93 3313 .
141 3250 279 3320 tliolicae
296 3258 419 3320 unitatis
438 3266 598 3334 centrum,
626 3255 662 3318 'et
678 3255 882 3339 Sanctitatem
901 3253 1065 3325 Vestram,
1101 3252 1210 3316 Christi
1223 3251 1245 3310 in

42 3366 70 3387 ⁹
136 3364 232 3425 terris
250 3364 418 3437 Vinarium,
436 3373 466 3427 et
483 3362 614 3426 Visibile
630 3363 762 3426 dillusao
780 3383 835 3444 per
862 3363 968 3424 orbem
986 3362 1154 3424 Ecclesiae
1171 3361 1249 3437 Carini

142 3470 353 3548 adhaesionis,
372 3472 531 3535 tenerrimi
551 3471 678 3543 amoris,
695 3490 730 3533 ac
747 3469 981 3549 profundissimi
1000 3468 1106 3531 cultus
1124 3464 1251 3531 tribulant

74 3597 79 3613 ²
144 3578 183 3639 ad
202 3597 311 3641 sacros
329 3581 474 3643 Eiusdem
491 3580 588 3661 pedes
604 3580 736 3641 iteratim
762 3576 950 3660 deponendi.
983 3577 1063 3638 lVlibi
1085 3583 1174 3638 certe
1191 3582 1248 3634 tan·

144 3695 183 3761 ta,
201 3693 345 3766 quantam
363 3706 490 3760 summa,
509 3707 568 3751 noc
586 3706 719 3767 unquam
748 3686 981 3748 intermoritura
999 3684 1171 3747 celebrabo
1188 3698 1251 3762 gra-

144 3793 282 3866 titudine,
300 3792 357 3874 per
375 3797 574 3860 sanctitatem
601 3795 744 3856 Vestram
774 3799 943 3872 suscepto,
974 3789 1163 3867 clementia,
1192 3783 1251 3850 nibil

112 3896 116 3909 '
145 3887 268 3982 poterat
285 3905 351 3965 sive
369 3901 407 3964 ad
424 3903 573 3966 bonorem
590 3902 737 3983 ambliae,
765 3900 832 3962 sive
849 3899 887 3961 ad
904 3897 1007 3962 olticia
1025 3897 1194 3960 iucundius
1208 3909 1252 3954 ac·

75 3993 80 4000 ’
142 4010 266 4072 cidere:
293 4028 383 4089 quam
410 4009 494 4088 quod
513 4010 762 4089 Angustissimus
784 4022 871 4068 meus
889 4006 1062 4086 Princeps,
1091 4006 1210 4086 meique
1230 4000 1254 4061 in

143 4117 253 4196 Regno
270 4117 453 4198 Hungariae
470 4116 623 4180 Conserri
649 4116 730 4179 lrarrc
747 4122 816 4196 post
836 4114 1018 4176 seculorum
1034 4113 1159 4192 lapsum
1174 4109 1251 4173 testi·

144 4222 281 4284 licandae
300 4244 377 4306 erga
397 4223 426 4285 S.
446 4223 559 4286 Sedern
576 4224 812 4287 sincerissimae
828 4239 905 4283 snae
924 4219 1109 4284 devotionis
1127 4218 1255 4284 occasio·

149 4347 218 4389 nem
234 4331 326 4401 nacti,
344 4330 382 4392 ad
400 4332 573 4412 promenda
585 4348 640 4396 sua
654 4345 745 4396 sensa
763 4350 852 4394 rneae
864 4330 1064 4411 potissimum
1076 4323 1256 4412 indignitatis

147 4433 295 4498 famulatu
310 4438 354 4500 uti
371 4439 537 4505 voluerint.
629 4461 633 4468 ·
